




@article {kamide2010strong,
    AUTHOR = {Kamide, Norihiro},
     TITLE = {Strong normalization of program-indexed lambda calculus},
   JOURNAL = {Bull. Sect. Logic Univ. \L \'{o}d\'{z}},
  FJOURNAL = {University of \L \'{o}d\'{z}. Department of Logic. Bulletin of the
              Section of Logic},
    VOLUME = {39},
      YEAR = {2010},
    NUMBER = {1-2},
     PAGES = {65--78},
      ISSN = {0138-0680},
   MRCLASS = {03B40},
  MRNUMBER = {2722619},
}




@inproceedings{DBLP:conf/itp/MakarovS13,
  author    = {Evgeny Makarov and
               Bas Spitters},
  title     = {The Picard Algorithm for Ordinary Differential Equations in Coq},
  booktitle = {Interactive Theorem Proving - 4th International Conference, {ITP}
               2013, Rennes, France, July 22-26, 2013. Proceedings},
  pages     = {463--468},
  year      = {2013},
  crossref  = {DBLP:conf/itp/2013},
  url       = {https://doi.org/10.1007/978-3-642-39634-2\_34},
  doi       = {10.1007/978-3-642-39634-2\_34},
  timestamp = {Thu, 15 Jun 2017 21:38:54 +0200},
  biburl    = {https://dblp.org/rec/bib/conf/itp/MakarovS13},
  bibsource = {dblp computer science bibliography, https://dblp.org}
}
@proceedings{DBLP:conf/itp/2013,
  editor    = {Sandrine Blazy and
               Christine Paulin{-}Mohring and
               David Pichardie},
  title     = {Interactive Theorem Proving - 4th International Conference, {ITP}
               2013, Rennes, France, July 22-26, 2013. Proceedings},
  series    = {LNCS},
  volume    = {7998},
  publisher = {Springer},
  year      = {2013},
  url       = {https://doi.org/10.1007/978-3-642-39634-2},
  doi       = {10.1007/978-3-642-39634-2},
  isbn      = {978-3-642-39633-5},
  timestamp = {Sun, 21 May 2017 00:18:59 +0200},
  biburl    = {https://dblp.org/rec/bib/conf/itp/2013},
  bibsource = {dblp computer science bibliography, https://dblp.org}
}


@article{CM_1968__20__194_0,
     author = {Scott, Dana},
     title = {Extending the topological interpretation to intuitionistic analysis},
     journal = {Compositio Mathematica},
     publisher = {Wolters-Noordhoff Publishing},
     volume = {20},
     year = {1968},
     pages = {194-210},
     zbl = {0197.00201},
     mrnumber = {228331},
     language = {en},
     url = {http://www.numdam.org/item/CM_1968__20__194_0}
}

@inproceedings{DBLP:conf/focs/Pratt76,
  author    = {Vaughan R. Pratt},
  title     = {Semantical Considerations on {Floyd-Hoare} Logic},
  booktitle = {17th Annual Symposium on Foundations of Computer Science, Houston,
               Texas, USA, 25-27 October 1976},
  pages     = {109--121},
  year      = {1976},
  crossref  = {DBLP:conf/focs/FOCS17},
  url       = {https://doi.org/10.1109/SFCS.1976.27},
  doi       = {10.1109/SFCS.1976.27},
  timestamp = {Fri, 19 May 2017 01:26:01 +0200},
  biburl    = {https://dblp.org/rec/bib/conf/focs/Pratt76},
  bibsource = {dblp computer science bibliography, https://dblp.org}
}
@proceedings{DBLP:conf/focs/FOCS17,
  title     = {17th Annual Symposium on Foundations of Computer Science, Houston,
               Texas, USA, 25-27 October 1976},
  publisher = {{IEEE} Comp. Soc.},
  year      = {1976},
  url       = {http://ieeexplore.ieee.org/xpl/mostRecentIssue.jsp?punumber=4567877},
  timestamp = {Mon, 15 Dec 2014 18:48:44 +0100},
  biburl    = {https://dblp.org/rec/bib/conf/focs/FOCS17},
  bibsource = {dblp computer science bibliography, https://dblp.org}
}

@incollection{ParikhGL,
title = {The Logic of Games and its Applications},
editor = {Marek Karplnski and Jan van Leeuwen},
series = {North-Holland Mathematics Studies},
publisher = {North-Holland},
volume = {102},
pages = {111-139},
year = {1985},
booktitle = {Topics in the Theory of Computation},
issn = {0304-0208},
doi = {https://doi.org/10.1016/S0304-0208(08)73078-0},
url = {http://www.sciencedirect.com/science/article/pii/S0304020808730780},
author = {Rohit Parikh},
abstract = {We develop a logic in which the basic objects of concern are games, or equivalently, monotone predicate transforms. we give completeness and decision results and extend to certain kinds of many-person games. Applications to a cake cutting algorithm and to a protocol for exchanging secrets, are given.}
}



@article{DBLP:journals/cacm/Hoare69,
  author    = {C. A. R. Hoare},
  title     = {An Axiomatic Basis for Computer Programming},
  journal   = {Commun. {ACM}},
  volume    = {12},
  number    = {10},
  pages     = {576--580},
  year      = {1969},
  url       = {https://doi.org/10.1145/363235.363259},
  doi       = {10.1145/363235.363259},
  timestamp = {Wed, 14 Nov 2018 10:22:34 +0100},
  biburl    = {https://dblp.org/rec/bib/journals/cacm/Hoare69},
  bibsource = {dblp computer science bibliography, https://dblp.org}
}



@article{DBLP:journals/iandc/CoquandH88,
  author    = {Thierry Coquand and
               G{\'{e}}rard P. Huet},
  title     = {The Calculus of Constructions},
  journal   = {Inf. Comput.},
  volume    = {76},
  number    = {2/3},
  pages     = {95--120},
  year      = {1988},
  url       = {https://doi.org/10.1016/0890-5401(88)90005-3},
  doi       = {10.1016/0890-5401(88)90005-3},
  timestamp = {Wed, 14 Nov 2018 10:35:06 +0100},
  biburl    = {https://dblp.org/rec/bib/journals/iandc/CoquandH88},
  bibsource = {dblp computer science bibliography, https://dblp.org}
}


@online{Trinity,
  author={Robert Harper},
  title={The Holy Trinity},
  year={2011},
  url={https://web.archive.org/web/20170921012554/http://existentialtype.wordpress.com/2011/03/27/the-holy-trinity/}
}

@inproceedings{DBLP:conf/atal/HoekJW05,
  author    = {Wiebe van der Hoek and
               Wojciech Jamroga and
               Michael J. Wooldridge},
  title     = {A logic for strategic reasoning},
  booktitle = {4th International Joint Conference on Autonomous Agents and Multiagent
               Systems {(AAMAS} 2005), {July 25-29, 2005, Utrecht, The Netherlands}},
  pages     = {157--164},
  year      = {2005},
  crossref  = {DBLP:conf/atal/2005},
  url       = {https://doi.org/10.1145/1082473.1082497},
  doi       = {10.1145/1082473.1082497},
  timestamp = {Fri, 26 Apr 2019 14:26:42 +0200},
  biburl    = {https://dblp.org/rec/bib/conf/atal/HoekJW05},
  bibsource = {dblp computer science bibliography, https://dblp.org}
}
@proceedings{DBLP:conf/atal/2005,
  editor    = {Frank Dignum and
               Virginia Dignum and
               Sven Koenig and
               Sarit Kraus and
               Munindar P. Singh and
               Michael J. Wooldridge},
  title     = {4th International Joint Conference on Autonomous Agents and Multiagent
               Systems {(AAMAS} 2005), July 25-29, 2005, Utrecht, The Netherlands},
  publisher = {{ACM}},
  year      = {2005},
  isbn      = {1-59593-094-9},
  timestamp = {Fri, 26 Apr 2019 14:26:42 +0200},
  biburl    = {https://dblp.org/rec/bib/conf/atal/2005},
  bibsource = {dblp computer science bibliography, https://dblp.org}
}

@article{DBLP:journals/jacm/AlurHK02,
  author    = {Rajeev Alur and
               Thomas A. Henzinger and
               Orna Kupferman},
  title     = {Alternating-time temporal logic},
  journal   = {J. {ACM}},
  volume    = {49},
  number    = {5},
  pages     = {672--713},
  year      = {2002},
  url       = {https://doi.org/10.1145/585265.585270},
  doi       = {10.1145/585265.585270},
  timestamp = {Sun, 02 Jun 2019 20:59:12 +0200},
  biburl    = {https://dblp.org/rec/bib/journals/jacm/AlurHK02},
  bibsource = {dblp computer science bibliography, https://dblp.org}
}


@article{nishimura1982semantical,
  title={Semantical analysis of constructive PDL},
  author={Nishimura, Hirokazu},
  journal={Publications of the Research Institute for Mathematical Sciences},
  volume={18},
  number={2},
  pages={847--858},
  year={1982},
  publisher={Research Institute forMathematical Sciences}
}

@Comment has nice  applications
@INPROCEEDINGS{1648709, 
author={K. {Chatterjee} and R. {Jagadeesan}}, 
booktitle={19th IEEE Computer Security Foundations Workshop (CSFW'06)}, 
title={Games for controls}, 
year={2006}, 
volume={}, 
number={}, 
pages={13 pp.-84}, 
keywords={authorisation;computer games;formal specification;games;history-based access control;resource usage control;accountability based controls;formal analysis;Access control;Control systems;Negative feedback;Programmable control;Adaptive control;Game theory;Insurance;Risk management;History;Automata}, 
doi={10.1109/CSFW.2006.14}, 
ISSN={1063-6900}, 
month={July},}



@article{Ax68,
	Author = {James Ax},
	Journal = {Annals of Mathematics},
	Number = {2},
	Pages = {239--271},
	Title = {The Elementary Theory of Finite Fields},
	Volume = {88},
	Year = {1968}}

@article{DBLP:journals/sigact/HarelKT01,
  author    = {David Harel and
               Dexter Kozen and
               Jerzy Tiuryn},
  title     = {Dynamic logic},
  journal   = {{SIGACT} News},
  volume    = {32},
  number    = {1},
  pages     = {66--69},
  year      = {2001},
  url       = {https://doi.org/10.1145/568438.568456},
  doi       = {10.1145/568438.568456},
  timestamp = {Tue, 06 Nov 2018 12:51:30 +0100},
  biburl    = {https://dblp.org/rec/bib/journals/sigact/HarelKT01},
  bibsource = {dblp computer science bibliography, https://dblp.org}
}

@article{DBLP:journals/lmcs/Fernandez-Duque18,
  author    = {David Fern{\'{a}}ndez{-}Duque},
  title     = {The intuitionistic temporal logic of dynamical systems},
  journal   = {Logical Methods in Computer Science},
  volume    = {14},
  number    = {3},
  year      = {2018},
  url       = {https://doi.org/10.23638/LMCS-14(3:3)2018},
  doi       = {10.23638/LMCS-14(3:3)2018},
  timestamp = {Thu, 09 Aug 2018 10:30:38 +0200},
  biburl    = {https://dblp.org/rec/bib/journals/lmcs/Fernandez-Duque18},
  bibsource = {dblp computer science bibliography, https://dblp.org}
}

@inproceedings{DBLP:conf/tldi/VanderwaartDPCHC03,
  author    = {Joseph Vanderwaart and
               Derek Dreyer and
               Leaf Petersen and
               Karl Crary and
               Robert Harper and
               Perry Cheng},
  title     = {Typed compilation of recursive datatypes},
  booktitle = {Proceedings of TLDI'03: 2003 {ACM} {SIGPLAN} International Workshop
               on Types in Languages Design and Implementation, New Orleans, Louisiana,
               USA, January 18, 2003},
  pages     = {98--108},
  year      = {2003},
  crossref  = {DBLP:conf/tldi/2003},
  url       = {https://doi.org/10.1145/604174.604187},
  doi       = {10.1145/604174.604187},
  timestamp = {Tue, 06 Nov 2018 16:58:22 +0100},
  biburl    = {https://dblp.org/rec/bib/conf/tldi/VanderwaartDPCHC03},
  bibsource = {dblp computer science bibliography, https://dblp.org}
}
@proceedings{DBLP:conf/tldi/2003,
  editor    = {Zhong Shao and
               Peter Lee},
  title     = {Proceedings of TLDI'03: 2003 {ACM} {SIGPLAN} International Workshop
               on Types in Languages Design and Implementation, New Orleans, Louisiana,
               USA, January 18, 2003},
  publisher = {{ACM}},
  year      = {2003},
  url       = {http://dl.acm.org/citation.cfm?id=604174},
  isbn      = {1-58113-649-8},
  timestamp = {Mon, 10 Dec 2012 15:26:39 +0100},
  biburl    = {https://dblp.org/rec/bib/conf/tldi/2003},
  bibsource = {dblp computer science bibliography, https://dblp.org}
}

@inproceedings{DBLP:conf/popl/Griffin90,
  author    = {Timothy Griffin},
  title     = {A Formulae-as-Types Notion of Control},
  booktitle = {Conference Record of the Seventeenth Annual {ACM} Symposium on Principles
               of Programming Languages, {San Francisco, California, USA, January}
               1990},
  pages     = {47--58},
  year      = {1990},
  crossref  = {DBLP:conf/popl/1990},
  url       = {https://doi.org/10.1145/96709.96714},
  doi       = {10.1145/96709.96714},
  timestamp = {Wed, 14 Nov 2018 10:52:34 +0100},
  biburl    = {https://dblp.org/rec/bib/conf/popl/Griffin90},
  bibsource = {dblp computer science bibliography, https://dblp.org}
}
@proceedings{DBLP:conf/popl/1990,
  editor    = {Frances E. Allen},
  title     = {Conference Record of the Seventeenth Annual {ACM} Symposium on Principles
               of Programming Languages, San Francisco, California, USA, January
               1990},
  publisher = {{ACM} Press},
  year      = {1990},
  url       = {http://dl.acm.org/citation.cfm?id=96709},
  isbn      = {0-89791-343-4},
  timestamp = {Mon, 21 May 2012 16:19:49 +0200},
  biburl    = {https://dblp.org/rec/bib/conf/popl/1990},
  bibsource = {dblp computer science bibliography, https://dblp.org}
}

@article{DBLP:journals/iandc/AbramskyJM00,
  author    = {Samson Abramsky and
               Radha Jagadeesan and
               Pasquale Malacaria},
  title     = {Full Abstraction for {PCF}},
  journal   = {Inf. Comput.},
  volume    = {163},
  number    = {2},
  pages     = {409--470},
  year      = {2000},
  url       = {https://doi.org/10.1006/inco.2000.2930},
  doi       = {10.1006/inco.2000.2930},
  timestamp = {Wed, 14 Nov 2018 10:35:08 +0100},
  biburl    = {https://dblp.org/rec/bib/journals/iandc/AbramskyJM00},
  bibsource = {dblp computer science bibliography, https://dblp.org}
}

@Comment talks about how QE shouldn't be expected to hold constructively.
@article{DBLP:journals/corr/abs-1201-3731,
  author    = {Cyril Cohen and
               Assia Mahboubi},
  title     = {Formal proofs in real algebraic geometry: from ordered fields to quantifier
               elimination},
  journal   = {Logical Methods in Computer Science},
  volume    = {8},
  number    = {1},
  year      = {2012},
  url       = {https://doi.org/10.2168/LMCS-8(1:2)2012},
  doi       = {10.2168/LMCS-8(1:2)2012},
  timestamp = {Tue, 14 May 2019 16:31:24 +0200},
  biburl    = {https://dblp.org/rec/bib/journals/corr/abs-1201-3731},
  bibsource = {dblp computer science bibliography, https://dblp.org}
}

@inproceedings{DBLP:conf/concur/ChatterjeeHP07,
  author    = {Krishnendu Chatterjee and
               Thomas A. Henzinger and
               Nir Piterman},
  title     = {Strategy Logic},
  booktitle = {{CONCUR} 2007 - Concurrency Theory, 18th International Conference,
               {CONCUR} 2007, {Lisbon, Portugal, September} 3-8, 2007, Proceedings},
  pages     = {59--73},
  year      = {2007},
  crossref  = {DBLP:conf/concur/2007},
  url       = {https://doi.org/10.1007/978-3-540-74407-8\_5},
  doi       = {10.1007/978-3-540-74407-8_5},
  timestamp = {Tue, 14 May 2019 10:00:43 +0200},
  biburl    = {https://dblp.org/rec/bib/conf/concur/ChatterjeeHP07},
  bibsource = {dblp computer science bibliography, https://dblp.org}
}
@proceedings{DBLP:conf/concur/2007,
  editor    = {Lu{\'{\i}}s Caires and
               Vasco Thudichum Vasconcelos},
  title     = {{CONCUR} 2007 - Concurrency Theory, 18th International Conference,
               {CONCUR} 2007, {Lisbon, Portugal, September} 3-8, 2007, Proceedings},
  series    = {LNCS},
  volume    = {4703},
  publisher = {Springer},
  year      = {2007},
  url       = {https://doi.org/10.1007/978-3-540-74407-8},
  doi       = {10.1007/978-3-540-74407-8},
  isbn      = {978-3-540-74406-1},
  timestamp = {Tue, 14 May 2019 10:00:43 +0200},
  biburl    = {https://dblp.org/rec/bib/conf/concur/2007},
  bibsource = {dblp computer science bibliography, https://dblp.org}
}

@article{DBLP:journals/corr/Mamouras16,
  author    = {Konstantinos Mamouras},
  title     = {Synthesis of Strategies Using the {Hoare} Logic of Angelic and Demonic
               Nondeterminism},
  journal   = {Logical Methods in Computer Science},
  volume    = {12},
  number    = {3},
  year      = {2016},
  url       = {https://doi.org/10.2168/LMCS-12(3:6)2016},
  doi       = {10.2168/LMCS-12(3:6)2016},
  timestamp = {Tue, 14 May 2019 16:31:13 +0200},
  biburl    = {https://dblp.org/rec/bib/journals/corr/Mamouras16},
  bibsource = {dblp computer science bibliography, https://dblp.org}
}


@article{curry1967combinatory,
  title={Combinatory logic},
  author={Curry, Haskell B},
  year={1967}
}

@article{DBLP:journals/sLogica/PaulyP03a,
  author    = {Marc Pauly and
               Rohit Parikh},
  title     = {Game Logic - An Overview},
  journal   = {Studia Logica},
  volume    = {75},
  number    = {2},
  pages     = {165--182},
  year      = {2003},
  url       = {https://doi.org/10.1023/A:1027354826364},
  doi       = {10.1023/A:1027354826364},
  timestamp = {Sat, 20 May 2017 00:23:57 +0200},
  biburl    = {https://dblp.org/rec/bib/journals/sLogica/PaulyP03a},
  bibsource = {dblp computer science bibliography, https://dblp.org}
}

@article{DBLP:journals/tcs/Scott93,
  author    = {Dana S. Scott},
  title     = {A Type-Theoretical Alternative to ISWIM, CUCH, {OWHY}},
  journal   = {Theor. Comput. Sci.},
  volume    = {121},
  number    = {1{\&}2},
  pages     = {411--440},
  year      = {1993},
  url       = {https://doi.org/10.1016/0304-3975(93)90095-B},
  doi       = {10.1016/0304-3975(93)90095-B},
  timestamp = {Wed, 14 Nov 2018 10:33:30 +0100},
  biburl    = {https://dblp.org/rec/bib/journals/tcs/Scott93},
  bibsource = {dblp computer science bibliography, https://dblp.org}
}

@book{DBLP:series/txtcs/Weihrauch00,
  author    = {Klaus Weihrauch},
  title     = {Computable Analysis - An Introduction},
  series    = {Texts in Theoretical Computer Science. An {EATCS} Series},
  publisher = {Springer},
  year      = {2000},
  url       = {https://doi.org/10.1007/978-3-642-56999-9},
  doi       = {10.1007/978-3-642-56999-9},
  isbn      = {978-3-540-66817-6},
  timestamp = {Tue, 16 May 2017 14:24:38 +0200},
  biburl    = {https://dblp.org/rec/bib/series/txtcs/Weihrauch00},
  bibsource = {dblp computer science bibliography, https://dblp.org}
}

@article{DBLP:journals/sLogica/Goranko03,
  author    = {Valentin Goranko},
  title     = {The Basic Algebra of Game Equivalences},
  journal   = {Studia Logica},
  volume    = {75},
  number    = {2},
  pages     = {221--238},
  year      = {2003},
  url       = {https://doi.org/10.1023/A:1027311011342},
  doi       = {10.1023/A:1027311011342},
  timestamp = {Sat, 20 May 2017 00:23:57 +0200},
  biburl    = {https://dblp.org/rec/bib/journals/sLogica/Goranko03},
  bibsource = {dblp computer science bibliography, https://dblp.org}
}

@article{constructiveRealAlgebra,
author = {Henri Lombardi},
title = {Th\'{e}ories g\'{e}om\'{e}triques pour l’alg\'{e}bre des nombres r\'{e}els
sans test de signe ni axiome de choix d\'{e}pendant},
year = {2019},
pdf = {http://hlombardi.free.fr/Reels-geometriques.pdf},
note = {Accessed: 2019-07-10. Unpublished draft (in French)}
}

@inproceedings{DBLP:conf/lfcs/ArtemovDN97,
  author    = {Sergei N. Art{\"{e}}mov and
               Jennifer M. Davoren and
               Anil Nerode},
  title     = {Topological Semantics for Hybrid Systems},
  booktitle = {Logical Foundations of Computer Science, 4th International Symposium,
               {LFCS}, {Yaroslavl, Russia, July} 6-12, 1997, Proceedings},
  pages     = {1--8},
  year      = {1997},
  crossref  = {DBLP:conf/lfcs/1997},
  url       = {https://doi.org/10.1007/3-540-63045-7\_1},
  doi       = {10.1007/3-540-63045-7_1},
  timestamp = {Tue, 14 May 2019 10:00:54 +0200},
  biburl    = {https://dblp.org/rec/bib/conf/lfcs/ArtemovDN97},
  bibsource = {dblp computer science bibliography, https://dblp.org}
}
@proceedings{DBLP:conf/lfcs/1997,
  editor    = {Sergei I. Adian and
               Anil Nerode},
  title     = {Logical Foundations of Computer Science, 4th International Symposium,
               LFCS'97, Yaroslavl, Russia, July 6-12, 1997, Proceedings},
  series    = {LNCS},
  volume    = {1234},
  publisher = {Springer},
  year      = {1997},
  url       = {https://doi.org/10.1007/3-540-63045-7},
  doi       = {10.1007/3-540-63045-7},
  isbn      = {3-540-63045-7},
  timestamp = {Tue, 14 May 2019 10:00:54 +0200},
  biburl    = {https://dblp.org/rec/bib/conf/lfcs/1997},
  bibsource = {dblp computer science bibliography, https://dblp.org}
}

@inproceedings{DBLP:conf/cca/Bauer05,
  author    = {Andrej Bauer},
  title     = {Realizability as Connection between Constructive and Computable Mathematics},
  booktitle = {{CCA} 2005 - Second International Conference on Computability and
               Complexity in Analysis, {August 25-29, 2005, Kyoto, Japan}},
  pages     = {378--379},
  year      = {2005},
  crossref  = {DBLP:conf/cca/2005},
  timestamp = {Tue, 06 Sep 2005 12:41:08 +0200},
  biburl    = {https://dblp.org/rec/bib/conf/cca/Bauer05},
  bibsource = {dblp computer science bibliography, https://dblp.org}
}
@proceedings{DBLP:conf/cca/2005,
  editor    = {Tanja Grubba and
               Peter Hertling and
               Hideki Tsuiki and
               Klaus Weihrauch},
  title     = {{CCA} 2005 - Second International Conference on Computability and
               Complexity in Analysis, {August 25-29, 2005, Kyoto, Japan}},
  series    = {Informatik Berichte},
  volume    = {326-7/2005},
  publisher = {{FernUniversit{\"{a}}t Hagen, Germany}},
  year      = {2005},
  timestamp = {Tue, 06 Sep 2005 12:41:08 +0200},
  biburl    = {https://dblp.org/rec/bib/conf/cca/2005},
  bibsource = {dblp computer science bibliography, https://dblp.org}
}

@article{DBLP:journals/jacm/Peleg87,
  author    = {David Peleg},
  title     = {Concurrent dynamic logic},
  journal   = {J. {ACM}},
  volume    = {34},
  number    = {2},
  pages     = {450--479},
  year      = {1987},
  url       = {https://doi.org/10.1145/23005.23008},
  doi       = {10.1145/23005.23008},
  timestamp = {Tue, 06 Nov 2018 12:51:44 +0100},
  biburl    = {https://dblp.org/rec/bib/journals/jacm/Peleg87},
  bibsource = {dblp computer science bibliography, https://dblp.org}
}