@book{Hubbard,
  title={Differential Equations: A Dynamical Systems Approach},
  author={Hubbard, John H. and West, Beverly H.},
  volume={18},
  series={Texts in Applied Mathematics},
  isbn={978-1-4612-8693-6},
  doi={10.1007/978-1-4612-4192-8},
  publisher={Springer}
}


@book{Church:1956,
  author    = {Alonzo Church},
  title     = {Introduction to Mathematical Logic},
  year      = {1956},
  isbn = {978-1400881451},
  publisher = {Princeton University Press}
}

@inproceedings{DBLP:conf/itp/AnandR14,
  author    = {Abhishek Anand and
               Vincent Rahli},
  title     = {Towards a Formally Verified Proof Assistant},
  booktitle = {ITP},
  longbooktitle = {Interactive Theorem Proving - 5th International Conference, {ITP}
               2014, Held as Part of the Vienna Summer of Logic, {VSL} 2014, Vienna,
               Austria, July 14-17, 2014. Proceedings},
  pages     = {27--44},
  year      = {2014},
  crossref  = {DBLP:conf/itp/2014},
  doi       = {10.1007/978-3-319-08970-6\_3},
  timestamp = {Sun, 21 May 2017 00:18:59 +0200},
  biburl    = {https://dblp.org/rec/bib/conf/itp/AnandR14},
  bibsource = {dblp computer science bibliography, https://dblp.org}
}
  @Comment url       = {https://doi.org/10.1007/978-3-319-08970-6\_3},
@proceedings{DBLP:conf/itp/2014,
  editor    = {Gerwin Klein and
               Ruben Gamboa},
  title     = {Interactive Theorem Proving - 5th International Conference, {ITP}
               2014, Held as Part of the Vienna Summer of Logic, {VSL} 2014, Vienna,
               Austria, July 14-17, 2014. Proceedings},
  series    = {LNCS},
  volume    = {8558},
  publisher = {Springer},
  year      = {2014},
  doi       = {10.1007/978-3-319-08970-6},
  isbn      = {978-3-319-08969-0},
  timestamp = {Sun, 21 May 2017 00:18:59 +0200},
  biburl    = {https://dblp.org/rec/bib/conf/itp/2014},
  bibsource = {dblp computer science bibliography, https://dblp.org}
}
  @Comment url       = {https://doi.org/10.1007/978-3-319-08970-6},

@article{DBLP:journals/jfrea/Barras10,
  author    = {Bruno Barras},
  title     = {Sets in {Coq}, {Coq} in Sets},
  journal   = {J. Formalized Reasoning},
  volume    = {3},
  number    = {1},
  pages     = {29--48},
  year      = {2010},
  doi       = {10.6092/issn.1972-5787/1695},
  timestamp = {Sun, 28 May 2017 13:19:05 +0200},
  biburl    = {https://dblp.org/rec/bib/journals/jfrea/Barras10},
  bibsource = {dblp computer science bibliography, https://dblp.org}
}
  @Comment url       = {https://doi.org/10.6092/issn.1972-5787/1695},

@article{DBLP:journals/jar/KumarAMO16,
  author    = {Ramana Kumar and
               Rob Arthan and
               Magnus O. Myreen and
               Scott Owens},
  title     = {Self-Formalisation of Higher-Order Logic: {Semantics}, Soundness, and
               a Verified Implementation},
  journal   = {J. Autom. Reasoning},
  volume    = {56},
  number    = {3},
  pages     = {221--259},
  year      = {2016},
  doi       = {10.1007/s10817-015-9357-x},
  timestamp = {Tue, 26 Jun 2018 14:09:47 +0200},
  biburl    = {https://dblp.org/rec/bib/journals/jar/KumarAMO16},
  bibsource = {dblp computer science bibliography, https://dblp.org}
}
  @Comment url       = {https://doi.org/10.1007/s10817-015-9357-x},

@article{driver1998torricelli,
  title={Torricelli's Law: An Ideal Example of an Elementary {ODE}},
  author={Driver, RD},
  journal={The American Mathematical Monthly},
  volume={105},
  number={5},
  pages={453--455},
  year={1998},
  publisher={Taylor \& Francis}
}

@incollection{tarski1998decision,
  title={A decision method for elementary algebra and geometry},
  author={Tarski, Alfred},
  booktitle={Quantifier elimination and cylindrical algebraic decomposition},
  pages={24--84},
  year={1998},
  publisher={Springer}
}


@inproceedings{DBLP:conf/itp/HolzlIH13,
  author    = {Johannes H{\"{o}}lzl and
               Fabian Immler and
               Brian Huffman},
  title     = {Type Classes and Filters for Mathematical Analysis in Isabelle/HOL},
  booktitle = {Interactive Theorem Proving - 4th International Conference, {ITP}
               2013, Rennes, France, July 22-26, 2013. Proceedings},
  pages     = {279--294},
  year      = {2013},
  crossref  = {DBLP:conf/itp/2013},
  url       = {https://doi.org/10.1007/978-3-642-39634-2\_21},
  doi       = {10.1007/978-3-642-39634-2\_21},
  timestamp = {Sun, 21 May 2017 00:18:59 +0200},
  biburl    = {https://dblp.org/rec/bib/conf/itp/HolzlIH13},
  bibsource = {dblp computer science bibliography, https://dblp.org}
}
@proceedings{DBLP:conf/itp/2013,
  editor    = {Sandrine Blazy and
               Christine Paulin{-}Mohring and
               David Pichardie},
  title     = {Interactive Theorem Proving - 4th International Conference, {ITP}
               2013, Rennes, France, July 22-26, 2013. Proceedings},
  series    = {Lecture Notes in Computer Science},
  volume    = {7998},
  publisher = {Springer},
  year      = {2013},
  url       = {https://doi.org/10.1007/978-3-642-39634-2},
  doi       = {10.1007/978-3-642-39634-2},
  isbn      = {978-3-642-39633-5},
  timestamp = {Sun, 21 May 2017 00:18:59 +0200},
  biburl    = {https://dblp.org/rec/bib/conf/itp/2013},
  bibsource = {dblp computer science bibliography, https://dblp.org}
}