@inproceedings{DBLP:conf/lics/Henzinger96,
  author    = {Thomas A. Henzinger},
  title     = {The Theory of Hybrid Automata},
  booktitle = {Proceedings, 11th Annual {IEEE} Symposium on Logic in Computer Science,
               New Brunswick, New Jersey, USA, July 27-30, 1996},
  pages     = {278--292},
  year      = {1996},
  crossref  = {DBLP:conf/lics/1996},
  url       = {https://doi.org/10.1109/LICS.1996.561342},
  doi       = {10.1109/LICS.1996.561342},
  timestamp = {Thu, 25 May 2017 00:42:40 +0200},
  biburl    = {https://dblp.org/rec/bib/conf/lics/Henzinger96},
  bibsource = {dblp computer science bibliography, https://dblp.org}
}
@proceedings{DBLP:conf/lics/1996,
  title     = {Proceedings, 11th Annual {IEEE} Symposium on Logic in Computer Science,
               New Brunswick, New Jersey, USA, July 27-30, 1996},
  publisher = {{IEEE} Computer Society},
  year      = {1996},
  url       = {http://ieeexplore.ieee.org/xpl/mostRecentIssue.jsp?punumber=4265},
  isbn      = {0-8186-7463-6},
  timestamp = {Fri, 21 Nov 2014 14:08:55 +0100},
  biburl    = {https://dblp.org/rec/bib/conf/lics/1996},
  bibsource = {dblp computer science bibliography, https://dblp.org}
}

@book{DBLP:books/sp/NipkowPW02,
  author    = {Tobias Nipkow and
               Lawrence C. Paulson and
               Markus Wenzel},
  title     = {Isabelle/HOL - {A} Proof Assistant for Higher-Order Logic},
  series    = {Lecture Notes in Computer Science},
  volume    = {2283},
  publisher = {Springer},
  year      = {2002},
  url       = {https://doi.org/10.1007/3-540-45949-9},
  doi       = {10.1007/3-540-45949-9},
  isbn      = {3-540-43376-7},
  timestamp = {Sat, 30 Dec 2017 11:46:44 +0100},
  biburl    = {https://dblp.org/rec/bib/books/sp/NipkowPW02},
  bibsource = {dblp computer science bibliography, https://dblp.org}
}


@inproceedings{hilbert-epsilons,
  author = {Brandon Bohrer, Manuel Fernandez, Andr\'e Platzer},
  title = {dLi: Definite Descriptions in Differential Dynamic Logic},
  booktitle = {CADE},
  year = {2019}
}