@inproceedings{Mumm+Steffen+Hannemann:iceccs:2001,
  author    = {Erika {\'{A}}brah{\'{a}}m{-}Mumm and
               Martin Steffen and
               Ulrich Hannemann},
  title     = {Verification of Hybrid Systems: Formalization and Proof Rules in {PVS}},
  pages     = {48--57},
  year      = {2001},
  crossref  = {DBLP:conf/iceccs/2001},
  url       = {http://doi.ieeecomputersociety.org/10.1109/ICECCS.2001.930163},
  doi       = {10.1109/ICECCS.2001.930163},
  timestamp = {Thu, 23 Jun 2016 15:53:28 +0200},
  biburl    = {http://dblp.uni-trier.de/rec/bib/conf/iceccs/Abraham-MummSH01},
  bibsource = {dblp computer science bibliography, http://dblp.org}
}

@inproceedings{Appel:esop:2011,
  author    = {Andrew W. Appel},
  title     = {Verified Software Toolchain - (Invited Talk)},
  pages     = {1--17},
  year      = {2011},
  crossref  = {DBLP:conf/esop/2011},
  url       = {http://dx.doi.org/10.1007/978-3-642-19718-5_1},
  doi       = {10.1007/978-3-642-19718-5_1},
  timestamp = {Tue, 22 Mar 2011 10:06:59 +0100},
  biburl    = {http://dblp.uni-trier.de/rec/bib/conf/esop/Appel11},
  bibsource = {dblp computer science bibliography, http://dblp.org}
}


@inproceedings{Appel:nfm:2012,
  author    = {Andrew W. Appel},
  title     = {Verified Software Toolchain},
  pages     = {2},
  year      = {2012},
  crossref  = {DBLP:conf/nfm/2012},
  url       = {http://dx.doi.org/10.1007/978-3-642-28891-3_2},
  doi       = {10.1007/978-3-642-28891-3_2},
  timestamp = {Mon, 16 Apr 2012 08:47:07 +0200},
  biburl    = {http://dblp.uni-trier.de/rec/bib/conf/nfm/Appel12},
  bibsource = {dblp computer science bibliography, http://dblp.org}
}


@book{Appel:2014,
  author    = {Andrew W. Appel},
  title     = {Program Logics - for Certified Compilers},
  publisher = {Cambridge University Press},
  year      = {2014},
  url       = {http://www.cambridge.org/de/academic/subjects/computer-science/programming-languages-and-applied-logic/program-logics-certified-compilers?format=HB},
  isbn      = {978-1-10-704801-0},
  timestamp = {Fri, 10 Apr 2015 15:54:50 +0200},
  biburl    = {http://dblp.uni-trier.de/rec/bib/books/daglib/0034962},
  bibsource = {dblp computer science bibliography, http://dblp.org}
}


@article{Aublin+al:700bft:2015,
  author    = {Pierre{-}Louis Aublin and
               Rachid Guerraoui and
               Nikola Knezevic and
               Vivien Qu{\'{e}}ma and
               Marko Vukolic},
  title     = {The Next 700 {BFT} Protocols},
  journal   = {{ACM} Trans. Comput. Syst.},
  volume    = {32},
  number    = {4},
  pages     = {12:1--12:45},
  year      = {2015},
  url       = {http://doi.acm.org/10.1145/2658994},
  doi       = {10.1145/2658994},
  timestamp = {Mon, 20 Apr 2015 18:26:49 +0200},
  biburl    = {http://dblp.uni-trier.de/rec/bib/journals/tocs/AublinGKQV15},
  bibsource = {dblp computer science bibliography, http://dblp.org}
}


@inproceedings{Behl+Distler+Kapitza:hotdep:parallelBFT:2014,
  author    = {Johannes Behl and
               Tobias Distler and
               R{\"{u}}diger Kapitza},
  title     = {Scalable {BFT} for Multi-Cores: Actor-Based Decomposition and Consensus-Oriented
               Parallelization},
  booktitle = {10th Workshop on Hot Topics in System Dependability, HotDep '14, Broomfield,
               CO, USA, October 5, 2014.},
  year      = {2014},
  crossref  = {DBLP:conf/hotdep/2014},
  url       = {https://www.usenix.org/conference/hotdep14/workshop-program/presentation/behl},
  timestamp = {Tue, 18 Nov 2014 17:17:57 +0100},
  biburl    = {http://dblp.uni-trier.de/rec/bib/conf/hotdep/BehlDK14},
  bibsource = {dblp computer science bibliography, http://dblp.org}
}


@inproceedings{Behl+Distler+Kapitza:middleware:parallelBFT:2015,
  author    = {Johannes Behl and
               Tobias Distler and
               R{\"{u}}diger Kapitza},
  title     = {Consensus-Oriented Parallelization: How to Earn Your First Million},
  pages     = {173--184},
  year      = {2015},
  crossref  = {DBLP:conf/middleware/2015},
  url       = {http://doi.acm.org/10.1145/2814576.2814800},
  doi       = {10.1145/2814576.2814800},
  timestamp = {Tue, 19 Jan 2016 12:45:22 +0100},
  biburl    = {http://dblp.uni-trier.de/rec/bib/conf/middleware/BehlDK15},
  bibsource = {dblp computer science bibliography, http://dblp.org}
}


@article{Bell:am:1934,
 ISSN       = {0003486X},
 URL        = {http://www.jstor.org/stable/1968431},
 author     = {E. T. Bell},
 journal    = {Annals of Mathematics},
 number     = {2},
 pages      = {258-277},
 publisher  = {Annals of Mathematics},
 title      = {Exponential Polynomials},
 volume     = {35},
 year       = {1934}
}


@inproceedings{Beringer+Petcher+Ye+Appel:uss:15,
  author    = {Lennart Beringer and
               Adam Petcher and
               Katherine Q. Ye and
               Andrew W. Appel},
  title     = {Verified Correctness and Security of OpenSSL {HMAC}},
  pages     = {207--221},
  year      = {2015},
  crossref  = {DBLP:conf/uss/2015},
  url       = {https://www.usenix.org/conference/usenixsecurity15/technical-sessions/presentation/beringer},
  timestamp = {Thu, 20 Aug 2015 14:07:40 +0200},
  biburl    = {http://dblp.uni-trier.de/rec/bib/conf/uss/BeringerPYA15},
  bibsource = {dblp computer science bibliography, http://dblp.org}
}


@inproceedings{Bessani+Sousa+Alchieri:dsn:2014,
  author    = {Alysson Neves Bessani and
               Jo{\~{a}}o Sousa and
               Eduardo Ad{\'{i}}lio Pelinson Alchieri},
  title     = {State Machine Replication for the Masses with {BFT-SMART}},
  pages     = {355--362},
  year      = {2014},
  crossref  = {DBLP:conf/dsn/2014},
  url       = {http://dx.doi.org/10.1109/DSN.2014.43},
  doi       = {10.1109/DSN.2014.43},
  timestamp = {Fri, 26 Sep 2014 07:53:53 +0200},
  biburl    = {http://dblp.uni-trier.de/rec/bib/conf/dsn/BessaniSA14},
  bibsource = {dblp computer science bibliography, http://dblp.org},
}
  note      = {Last time accessed 2015/11/05 at \url{http://www.di.fc.ul.pt/~bessani/publications/dsn14-bftsmart.pdf}}


@inproceedings{Besson:types:2006,
  author    = {Fr{\'{e}}d{\'{e}}ric Besson},
  title     = {Fast Reflexive Arithmetic Tactics the Linear Case and Beyond},
  pages     = {48--62},
  year      = {2006},
  crossref  = {DBLP:conf/types/2006},
  url       = {http://dx.doi.org/10.1007/978-3-540-74464-1_4},
  doi       = {10.1007/978-3-540-74464-1_4},
  timestamp = {Mon, 17 Sep 2007 12:52:22 +0200},
  biburl    = {http://dblp.uni-trier.de/rec/bib/conf/types/Besson06},
  bibsource = {dblp computer science bibliography, http://dblp.org}
}


@inproceedings{Birman+Joseph:sosp:1987,
  author    = {Kenneth P. Birman and
               Thomas A. Joseph},
  title     = {Exploiting Virtual Synchrony in Distributed Systems},
  booktitle = {Proceedings of the Eleventh {ACM} Symposium on Operating System Principles,
               {SOSP} 1987, Stouffer Austin Hotel, Austin, Texas, USA, November 8-11,
               1987},
  pages     = {123--138},
  year      = {1987},
  crossref  = {DBLP:conf/sosp/1987},
  url       = {http://doi.acm.org/10.1145/41457.37515},
  doi       = {10.1145/41457.37515},
  timestamp = {Mon, 22 Jun 2015 17:24:50 +0200},
  biburl    = {http://dblp.uni-trier.de/rec/bib/conf/sosp/BirmanJ87},
  bibsource = {dblp computer science bibliography, http://dblp.org},
}
  note      = {Last time accessed 2015/11/05 at \url{http://www.cs.cornell.edu/home/rvr/sys/p123-birman.pdf}}


@inproceedings{Birman:replication:2010,
  author    = {Ken Birman},
  title     = {A History of the Virtual Synchrony Replication Model},
  booktitle = {Replication: Theory and Practice},
  pages     = {91--120},
  year      = {2010},
  crossref  = {DBLP:conf/replication/2010},
  url       = {http://dx.doi.org/10.1007/978-3-642-11294-2_6},
  doi       = {10.1007/978-3-642-11294-2_6},
  timestamp = {Tue, 14 Sep 2010 08:37:41 +0200},
  biburl    = {http://dblp.uni-trier.de/rec/bib/conf/replication/Birman10},
  bibsource = {dblp computer science bibliography, http://dblp.org}
}


@inproceedings{Blazy+Dargaye+Leroy:fm:2006,
  author    = {Sandrine Blazy and
               Zaynah Dargaye and
               Xavier Leroy},
  title     = {Formal Verification of a {C} Compiler Front-End},
  booktitle = {{FM} 2006: Formal Methods, 14th International Symposium on Formal
               Methods, Hamilton, Canada, August 21-27, 2006, Proceedings},
  pages     = {460--475},
  year      = {2006},
  crossref  = {DBLP:conf/fm/2006},
  url       = {http://dx.doi.org/10.1007/11813040_31},
  doi       = {10.1007/11813040_31},
  timestamp = {Tue, 22 Aug 2006 14:47:47 +0200},
  biburl    = {http://dblp.uni-trier.de/rec/bib/conf/fm/BlazyDL06},
  bibsource = {dblp computer science bibliography, http://dblp.org}
}


@article{Blazy+Leroy:jar:2009,
  author    = {Sandrine Blazy and
               Xavier Leroy},
  title     = {Mechanized Semantics for the Clight Subset of the {C} Language},
  journal   = {J. Autom. Reasoning},
  volume    = {43},
  number    = {3},
  pages     = {263--288},
  year      = {2009},
  url       = {http://dx.doi.org/10.1007/s10817-009-9148-3},
  doi       = {10.1007/s10817-009-9148-3},
  timestamp = {Tue, 15 Dec 2009 14:21:05 +0100},
  biburl    = {http://dblp.uni-trier.de/rec/bib/journals/jar/BlazyL09},
  bibsource = {dblp computer science bibliography, http://dblp.org}
}


@article{Boldo+Lelay+Melquiond:mcs:coquelicot:2015,
  author    = {Sylvie Boldo and
               Catherine Lelay and
               Guillaume Melquiond},
  title     = {{Coquelicot}: {A} User-Friendly Library of Real Analysis for {Coq}},
  journal   = {Mathematics in Computer Science},
  volume    = {9},
  number    = {1},
  pages     = {41--62},
  year      = {2015},
  url       = {http://dx.doi.org/10.1007/s11786-014-0181-1},
  doi       = {10.1007/s11786-014-0181-1},
  timestamp = {Mon, 09 Feb 2015 13:20:22 +0100},
  biburl    = {http://dblp.uni-trier.de/rec/bib/journals/mics/BoldoLM15},
  bibsource = {dblp computer science bibliography, http://dblp.org}
}


@article{Bracha+Toueg:jacm:1985,
  author    = {Gabriel Bracha and
               Sam Toueg},
  title     = {Asynchronous Consensus and Broadcast Protocols},
  journal   = {J. {ACM}},
  volume    = {32},
  number    = {4},
  pages     = {824--840},
  year      = {1985},
  url       = {http://doi.acm.org/10.1145/4221.214134},
  doi       = {10.1145/4221.214134},
  timestamp = {Thu, 26 Jan 2012 17:31:32 +0100},
  biburl    = {http://dblp.uni-trier.de/rec/bib/journals/jacm/BrachaT85},
  bibsource = {dblp computer science bibliography, http://dblp.org}
}


@article{Braibant+Chlipala:corr:2013,
  author    = {Thomas Braibant and
               Adam Chlipala},
  title     = {Formal Verification of Hardware Synthesis},
  journal   = {CoRR},
  volume    = {abs/1301.4779},
  year      = {2013},
  url       = {http://arxiv.org/abs/1301.4779},
  timestamp = {Fri, 01 Feb 2013 13:30:47 +0100},
  biburl    = {http://dblp.uni-trier.de/rec/bib/journals/corr/abs-1301-4779},
  bibsource = {dblp computer science bibliography, http://dblp.org}
}


@inproceedings{Bresolin:corr:2013,
  author    = {Davide Bresolin},
  title     = {HyLTL: a temporal logic for model checking hybrid systems},
  pages     = {73--84},
  year      = {2013},
  crossref  = {DBLP:journals/corr/BortolussiBP13},
  url       = {http://dx.doi.org/10.4204/EPTCS.124.8},
  doi       = {10.4204/EPTCS.124.8},
  timestamp = {Mon, 28 Oct 2013 16:56:55 +0100},
  biburl    = {http://dblp.uni-trier.de/rec/bib/journals/corr/Bresolin13a},
  bibsource = {dblp computer science bibliography, http://dblp.org}
}


@article{Brookes:tcs:2007,
  author    = {Stephen Brookes},
  title     = {A semantics for concurrent separation logic},
  journal   = {Theor. Comput. Sci.},
  volume    = {375},
  number    = {1-3},
  pages     = {227--270},
  year      = {2007},
  url       = {http://dx.doi.org/10.1016/j.tcs.2006.12.034},
  doi       = {10.1016/j.tcs.2006.12.034},
  timestamp = {Wed, 09 May 2007 14:36:07 +0200},
  biburl    = {http://dblp.uni-trier.de/rec/bib/journals/tcs/Brookes07},
  bibsource = {dblp computer science bibliography, http://dblp.org}
}


@article{Burstall:1972,
  author    = {R.M. Burstall},
  title     = {Some techniques for proving correctness of programs which can alter data structures},
  journal   = {Machine Intelligence},
  editors   = {Bernard Meltzer and Donald Michie},
  volume    = {7},
  year      = {1972},
  pages     = {23--50},
  publisher = {Edinburgh University Press}
}


@techreport{Cachin:2010,
  author      = {Christian Cachin},
  title       = {Yet Another Visit to Paxos},
  institution = {IBM Research Zurich},
  number      = {RZ 3754},
  month       = {November},
  year        = {2009},
  url         = {https://www.zurich.ibm.com/~cca/papers/pax.pdf}
}


@book{Cachin+Guerraoui+Rodrigues:2011,
  author    = {Christian Cachin and
               Rachid Guerraoui and
               Lu{\'{i}}s E. T. Rodrigues},
  title     = {Introduction to Reliable and Secure Distributed Programming {(2.}
               ed.)},
  publisher = {Springer},
  year      = {2011},
  url       = {http://dx.doi.org/10.1007/978-3-642-15260-3},
  doi       = {10.1007/978-3-642-15260-3},
  isbn      = {978-3-642-15259-7},
  timestamp = {Wed, 01 Apr 2015 20:06:29 +0200},
  biburl    = {http://dblp.uni-trier.de/rec/bib/books/daglib/0025983},
  bibsource = {dblp computer science bibliography, http://dblp.org}
}


@inproceedings{Castro+Liskov:osdi:pbft:1999,
  author    = {Miguel Castro and
               Barbara Liskov},
  title     = {Practical Byzantine Fault Tolerance},
  pages     = {173--186},
  year      = {1999},
  crossref  = {DBLP:conf/osdi/1999},
  url       = {http://doi.acm.org/10.1145/296806.296824},
  doi       = {10.1145/296806.296824},
  timestamp = {Thu, 15 May 2014 18:36:23 +0200},
  biburl    = {http://dblp.uni-trier.de/rec/bib/conf/osdi/CastroL99},
  bibsource = {dblp computer science bibliography, http://dblp.org}
}


@techreport{Castro+Liskov:techrep:1999,
  author      = {Miguel Castro and
                 Barbara Liskov},
  title       = {A Correctness Proof for a Practical Byzantine-Fault-Tolerant Replication Algorithm},
  institution = {MIT},
  type        = {Technical Memo},
  number      = {MIT-LCS-TM-590},
  month       = jun,
  year        = {1999}
}


@article{Castro+Liskov:pbft:2002,
  author    = {Miguel Castro and
               Barbara Liskov},
  title     = {Practical byzantine fault tolerance and proactive recovery},
  journal   = {{ACM} Trans. Comput. Syst.},
  volume    = {20},
  number    = {4},
  pages     = {398--461},
  year      = {2002},
  url       = {http://doi.acm.org/10.1145/571637.571640},
  doi       = {10.1145/571637.571640},
  timestamp = {Mon, 24 Nov 2003 07:58:43 +0100},
  biburl    = {http://dblp.uni-trier.de/rec/bib/journals/tocs/CastroL02},
  bibsource = {dblp computer science bibliography, http://dblp.org}
}


@article{CharronBost+Schiper:2009,
  author       = {B. Charron-Bost
                  and A. Schiper},
  title        = {The {Heard-Of} model: computing in distributed systems with benign failures},
  journal      = {Distributed Computing},
  year         = {2009},
  volume       = {22},
  number       = {1},
  pages        = {49--71},
  url          = {http://link.springer.com/article/10.1007%2Fs00446-009-0084-6}
}


@book{Comtet:2012,
  title     ={Advanced Combinatorics: The Art of Finite and Infinite Expansions},
  author    ={Comtet, L.},
  isbn      ={9789401021968},
  url       ={https://books.google.lu/books?id=PJzuCAAAQBAJ},
  year      ={2012},
  publisher ={Springer Netherlands}
}


@article{Correia+Veronese+Neves+Verissimo:ijccbs:survey:2011,
  author    = {Miguel Correia and
               Giuliana Santos Veronese and
               Nuno Ferreira Neves and
               Paulo Ver{\'{i}}ssimo},
  title     = {Byzantine consensus in asynchronous message-passing systems: a survey},
  journal   = {{IJCCBS}},
  volume    = {2},
  number    = {2},
  pages     = {141--161},
  year      = {2011},
  url       = {http://dx.doi.org/10.1504/IJCCBS.2011.041257},
  doi       = {10.1504/IJCCBS.2011.041257},
  timestamp = {Thu, 25 Aug 2011 13:29:36 +0200},
  biburl    = {http://dblp.uni-trier.de/rec/bib/journals/ijccbs/CorreiaVNV11},
  bibsource = {dblp computer science bibliography, http://dblp.org}
}


@article{Correia+Neves+Verissimo:cj:BFT-TO:2013,
  author    = {Miguel Correia and
               Nuno Ferreira Neves and
               Paulo Ver{\'{i}}ssimo},
  title     = {{BFT-TO:} Intrusion Tolerance with Less Replicas},
  journal   = {Comput. J.},
  volume    = {56},
  number    = {6},
  pages     = {693--715},
  year      = {2013},
  url       = {http://dx.doi.org/10.1093/comjnl/bxs148},
  doi       = {10.1093/comjnl/bxs148},
  timestamp = {Wed, 05 Jun 2013 15:03:18 +0200},
  biburl    = {http://dblp.uni-trier.de/rec/bib/journals/cj/CorreiaNV13},
  bibsource = {dblp computer science bibliography, http://dblp.org}
}


@inproceedings{David+Guerraoui+Yabandeh:2014,
  author    = {Tudor David and
               Rachid Guerraoui and
               Maysam Yabandeh},
  title     = {Consensus inside},
  booktitle = {Proceedings of the 15th International Middleware Conference, Bordeaux,
               France, December 8-12, 2014},
  pages     = {145--156},
  year      = {2014},
  crossref  = {DBLP:conf/middleware/2014},
  url       = {http://doi.acm.org/10.1145/2663165.2663321},
  doi       = {10.1145/2663165.2663321},
  timestamp = {Wed, 22 Apr 2015 16:41:57 +0200},
  biburl    = {http://dblp.uni-trier.de/rec/bib/conf/middleware/DavidGY14},
  bibsource = {dblp computer science bibliography, http://dblp.org}
}


@article{Dwork+Lynch+Stockmeyer:jacm:1988,
  author    = {Cynthia Dwork and
               Nancy A. Lynch and
               Larry J. Stockmeyer},
  title     = {Consensus in the presence of partial synchrony},
  journal   = {J. {ACM}},
  volume    = {35},
  number    = {2},
  pages     = {288--323},
  year      = {1988},
  url       = {http://doi.acm.org/10.1145/42282.42283},
  doi       = {10.1145/42282.42283},
  timestamp = {Thu, 20 Nov 2003 12:28:07 +0100},
  biburl    = {http://dblp.uni-trier.de/rec/bib/journals/jacm/DworkLS88},
  bibsource = {dblp computer science bibliography, http://dblp.org}
}


@inproceedings{Feng+Ferreira+Shao:esop:2007,
  author    = {Xinyu Feng and
               Rodrigo Ferreira and
               Zhong Shao},
  title     = {On the Relationship Between Concurrent Separation Logic and Assume-Guarantee
               Reasoning},
  pages     = {173--188},
  year      = {2007},
  crossref  = {DBLP:conf/esop/2007},
  url       = {http://dx.doi.org/10.1007/978-3-540-71316-6_13},
  doi       = {10.1007/978-3-540-71316-6_13},
  timestamp = {Thu, 28 May 2015 17:23:23 +0200},
  biburl    = {http://dblp.uni-trier.de/rec/bib/conf/esop/FengFS07},
  bibsource = {dblp computer science bibliography, http://dblp.org}
}


@article{Fischer+Lynch+Patterson:1985,
  author       = {Michael J. Fischer and
                  Nancy A. Lynch and
                  Mike Paterson},
  title        = {Impossibility of Distributed Consensus with One Faulty Process},
  journal      = {J. ACM},
  volume       = {32},
  number       = {2},
  year         = {1985},
  pages        = {374--382},
  ee           = {db/journals/jacm/FischerLP85.html, http://doi.acm.org/10.1145/3149.214121},
  bibsource    = {DBLP, http://dblp.uni-trier.de},
  url          = {https://groups.csail.mit.edu/tds/papers/Lynch/jacm85.pdf}
}


@article{Frehse08:sttt:2008,
  author    = {Goran Frehse},
  title     = {PHAVer: algorithmic verification of hybrid systems past HyTech},
  journal   = {{STTT}},
  volume    = {10},
  number    = {3},
  pages     = {263--279},
  year      = {2008},
  url       = {http://dx.doi.org/10.1007/s10009-007-0062-x},
  doi       = {10.1007/s10009-007-0062-x},
  timestamp = {Tue, 25 Nov 2008 14:46:58 +0100},
  biburl    = {http://dblp.uni-trier.de/rec/bib/journals/sttt/Frehse08},
  bibsource = {dblp computer science bibliography, http://dblp.org}
}


@article{Flanders:amm:2001,
  author    = {Harley Flanders},
  title     = {From Ford to Fa{\`{a}}},
  journal   = {The American Mathematical Monthly},
  volume    = {108},
  number    = {6},
  pages     = {559--561},
  year      = {2001},
  url       = {http://www.jstor.org/stable/2695713},
  timestamp = {Fri, 17 May 2013 18:11:34 +0200},
  biburl    = {http://dblp.uni-trier.de/rec/bib/journals/tamm/Flanders01},
  bibsource = {dblp computer science bibliography, http://dblp.org}
}


@inproceedings{Fulton+Platzer:cpp:2016,
  author    = {Nathan Fulton and
               Andr{\'{e}} Platzer},
  title     = {A logic of proofs for differential dynamic logic: toward independently
               checkable proof certificates for dynamic logics},
  pages     = {110--121},
  year      = {2016},
  crossref  = {DBLP:conf/cpp/2016},
  url       = {http://doi.acm.org/10.1145/2854065.2854078},
  doi       = {10.1145/2854065.2854078},
  timestamp = {Mon, 18 Jan 2016 19:37:27 +0100},
  biburl    = {http://dblp.uni-trier.de/rec/bib/conf/cpp/FultonP16},
  bibsource = {dblp computer science bibliography, http://dblp.org}
}


@inproceedings{Guerraoui+Knezevic:Quema:Vukolic:eurosys:700bft:2010,
  author    = {Rachid Guerraoui and
               Nikola Knezevic and
               Vivien Qu{\'{e}}ma and
               Marko Vukolic},
  title     = {The next 700 {BFT} protocols},
  booktitle = {European Conference on Computer Systems, Proceedings of the 5th European
               conference on Computer systems, EuroSys 2010, Paris, France, April
               13-16, 2010},
  pages     = {363--376},
  year      = {2010},
  crossref  = {DBLP:conf/eurosys/2010},
  url       = {http://doi.acm.org/10.1145/1755913.1755950},
  doi       = {10.1145/1755913.1755950},
  timestamp = {Tue, 25 Jan 2011 16:00:02 +0100},
  biburl    = {http://dblp.uni-trier.de/rec/bib/conf/eurosys/GuerraouiKQV10},
  bibsource = {dblp computer science bibliography, http://dblp.org}
}


@techreport{Gonthier+al:inria:2015,
  TITLE     = {{A Small Scale Reflection Extension for the Coq system}},
  AUTHOR    = {Gonthier, Georges and Mahboubi, Assia and Tassi, Enrico},
  URL       = {https://hal.inria.fr/inria-00258384},
  TYPE      = {Research Report},
  NUMBER    = {RR-6455},
  INSTITUTION = {{Inria Saclay Ile de France}},
  YEAR      = {2015},
  PDF       = {https://hal.inria.fr/inria-00258384/file/main.pdf},
  HAL_ID    = {inria-00258384},
  HAL_VERSION = {v16},
}


@inproceedings{Guo+Feng+Shao+Shi:aplas:2012,
  author    = {Yu Guo and
               Xinyu Feng and
               Zhong Shao and
               Peizhi Shi},
  title     = {Modular Verification of Concurrent Thread Management},
  pages     = {315--331},
  year      = {2012},
  crossref  = {DBLP:conf/aplas/2012},
  url       = {http://dx.doi.org/10.1007/978-3-642-35182-2_23},
  doi       = {10.1007/978-3-642-35182-2_23},
  timestamp = {Mon, 04 Feb 2013 12:47:37 +0100},
  biburl    = {http://dblp.uni-trier.de/rec/bib/conf/aplas/GuoFSS12},
  bibsource = {dblp computer science bibliography, http://dblp.org}
}


@masterthesis{Hacki:2015,
  author      = {Roni H\"{a}cki},
  title       = {Consensus on a multicore machine},
  number      = {136},
  year        = {2015},
  institution = {Systems Group, Department of Computer Science, ETH Zurich},
  url         = {http://www.barrelfish.org/ma-haeckir-consensus.pdf}
}


@inproceedings{Hawblitzel+al:usenix:2014,
  author    = {Chris Hawblitzel and
               Jon Howell and
               Jacob R. Lorch and
               Arjun Narayan and
               Bryan Parno and
               Danfeng Zhang and
               Brian Zill},
  title     = {Ironclad Apps: End-to-End Security via Automated Full-System Verification},
  booktitle = {11th {USENIX} Symposium on Operating Systems Design and Implementation,
               {OSDI} '14, Broomfield, CO, USA, October 6-8, 2014.},
  pages     = {165--181},
  year      = {2014},
  crossref  = {DBLP:conf/osdi/2014},
  url       = {https://www.usenix.org/conference/osdi14/technical-sessions/presentation/hawblitzel},
  timestamp = {Tue, 18 Nov 2014 17:21:14 +0100},
  biburl    = {http://dblp.uni-trier.de/rec/bib/conf/osdi/HawblitzelHLNPZZ14},
  bibsource = {dblp computer science bibliography, http://dblp.org}
}


@inproceedings{Hawblitzel+al:sosp:2015,
  author    = {Chris Hawblitzel and
               Jon Howell and
               Manos Kapritsos and
               Jacob R. Lorch and
               Bryan Parno and
               Michael L. Roberts and
               Srinath T. V. Setty and
               Brian Zill},
  title     = {IronFleet: proving practical distributed systems correct},
  booktitle = {Proceedings of the 25th Symposium on Operating Systems Principles,
               {SOSP} 2015, Monterey, CA, USA, October 4-7, 2015},
  pages     = {1--17},
  year      = {2015},
  crossref  = {DBLP:conf/sosp/2015},
  url       = {http://doi.acm.org/10.1145/2815400.2815428},
  doi       = {10.1145/2815400.2815428},
  timestamp = {Fri, 02 Oct 2015 08:59:57 +0200},
  biburl    = {http://dblp.uni-trier.de/rec/bib/conf/sosp/HawblitzelHKLPR15},
  bibsource = {dblp computer science bibliography, http://dblp.org}
}


@inproceedings{Heide+Pedersen+Fitzek+Larsen:2009,
  author    = {J. Heide
               and M.V. Pedersen
               and F.H.P. Fitzek
	       and T. Larsen},
  title     = {Network Coding for Mobile Devices - Systematic Binary Random Rateless Codes },
  booktitle = {IEEE International Conference on Communications (ICC 2009) -
               CoCoNet Workshop},
  url       = {http://kom.aau.dk/~ff/documents/icc2009.pdf},
  publisher = {IEEE},
  doi       = {10.1109/ICCW.2009.5208076},
  pages     = {1--6},
  year      = {2009},
}


@article{Henzinger+Ho+Toi:sttt:1997,
  author    = {Thomas A. Henzinger and
               Pei{-}Hsin Ho and
               Howard Wong{-}Toi},
  title     = {{HYTECH:} {A} Model Checker for Hybrid Systems},
  journal   = {{STTT}},
  volume    = {1},
  number    = {1-2},
  pages     = {110--122},
  year      = {1997},
  url       = {http://dx.doi.org/10.1007/s100090050008},
  doi       = {10.1007/s100090050008},
  timestamp = {Fri, 03 Jun 2011 16:04:32 +0200},
  biburl    = {http://dblp.uni-trier.de/rec/bib/journals/sttt/HenzingerHW97},
  bibsource = {dblp computer science bibliography, http://dblp.org}
}


@inproceedings{Ho+Dolev+Renesse:opodis:2007,
  author    = {Chi Ho and
               Danny Dolev and
               Robbert van Renesse},
  title     = {Making Distributed Applications Robust},
  booktitle = {Principles of Distributed Systems, 11th International Conference,
               {OPODIS} 2007, Guadeloupe, French West Indies, December 17-20, 2007.
               Proceedings},
  pages     = {232--246},
  year      = {2007},
  crossref  = {DBLP:conf/opodis/2007},
  url       = {http://dx.doi.org/10.1007/978-3-540-77096-1_17},
  doi       = {10.1007/978-3-540-77096-1_17},
  timestamp = {Tue, 13 May 2008 13:53:16 +0200},
  biburl    = {http://dblp.uni-trier.de/rec/bib/conf/opodis/HoDR07},
  bibsource = {dblp computer science bibliography, http://dblp.org}
}


@inproceedings{Ishtiaq+OHearn:popl:BI:2001,
  author    = {Samin S. Ishtiaq and
               Peter W. O'Hearn},
  title     = {{BI} as an Assertion Language for Mutable Data Structures},
  pages     = {14--26},
  year      = {2001},
  crossref  = {DBLP:conf/popl/2001},
  timestamp = {Mon, 18 Mar 2013 08:39:18 +0100},
  biburl    = {http://dblp.uni-trier.de/rec/bib/conf/popl/IshtiaqO01},
  bibsource = {dblp computer science bibliography, http://dblp.org}
}


@inproceedings{Jeannin+al:tacas:2015,
  author    = {Jean{-}Baptiste Jeannin and
               Khalil Ghorbal and
               Yanni Kouskoulas and
               Ryan Gardner and
               Aurora Schmidt and
               Erik Zawadzki and
               Andr{\'{e}} Platzer},
  title     = {A Formally Verified Hybrid System for the Next-Generation Airborne
               Collision Avoidance System},
  pages     = {21--36},
  year      = {2015},
  url       = {http://dx.doi.org/10.1007/978-3-662-46681-0_2},
  doi       = {10.1007/978-3-662-46681-0_2},
  timestamp = {Wed, 08 Apr 2015 11:31:07 +0200},
  biburl    = {http://dblp.uni-trier.de/rec/bib/conf/tacas/JeanninGKGSZP15},
  bibsource = {dblp computer science bibliography, http://dblp.org}
}


@article{Johnson:amm:2002,
  author    = {Warren P. Johnson},
  title     = {The Curious History of Fa{\`{a}} di Bruno's Formula},
  journal   = {The American Mathematical Monthly},
  volume    = {109},
  number    = {3},
  pages     = {217--234},
  year      = {2002},
  url       = {http://www.jstor.org/stable/2695352},
  timestamp = {Thu, 16 May 2013 20:32:46 +0200},
  biburl    = {http://dblp.uni-trier.de/rec/bib/journals/tamm/Johnson02},
  bibsource = {dblp computer science bibliography, http://dblp.org}
}


@book{Jordan:1965,
  title     ={Calculus of Finite Differences},
  author    ={Jord{\'a}n, K.},
  isbn      ={9780828400336},
  lccn      ={65029977},
  series    ={AMS Chelsea Publishing Series},
  url       ={https://books.google.lu/books?id=3RfZOsDAyQsC},
  year      ={1965},
  publisher ={Chelsea Publishing Company}
}


@inproceedings{Kapitza+al:eurosys:cheapbft:2012,
  author    = {R{\"{u}}diger Kapitza and
               Johannes Behl and
               Christian Cachin and
               Tobias Distler and
               Simon Kuhnle and
               Seyed Vahid Mohammadi and
               Wolfgang Schr{\"{o}}der{-}Preikschat and
               Klaus Stengel},
  title     = {CheapBFT: resource-efficient byzantine fault tolerance},
  pages     = {295--308},
  year      = {2012},
  crossref  = {DBLP:conf/eurosys/2012},
  url       = {http://doi.acm.org/10.1145/2168836.2168866},
  doi       = {10.1145/2168836.2168866},
  timestamp = {Thu, 19 Apr 2012 14:59:21 +0200},
  biburl    = {http://dblp.uni-trier.de/rec/bib/conf/eurosys/KapitzaBCDKMSS12},
  bibsource = {dblp computer science bibliography, http://dblp.org}
}


@inproceedings{Klein+al:sel4:2009,
  author       = {Gerwin Klein and
                  Kevin Elphinstone and
                  Gernot Heiser and
                  June Andronick and
                  David Cock and
                  Philip Derrin and
                  Dhammika Elkaduwe and
                  Kai Engelhardt and
                  Rafal Kolanski and
                  Michael Norrish and
                  Thomas Sewell and
                  Harvey Tuch and
                  Simon Winwood},
  title        = {{seL4}: Formal Verification of an {OS} Kernel},
  pages        = {207--220},
  year         = {2009},
  crossref     = {DBLP:conf/sosp/2009},
  url          = {http://doi.acm.org/10.1145/1629575.1629596},
  doi          = {10.1145/1629575.1629596},
  timestamp    = {Sun, 25 Oct 2009 17:50:02 +0100},
  biburl       = {http://dblp.uni-trier.de/rec/bib/conf/sosp/KleinEHACDEEKNSTW09},
  bibsource    = {dblp computer science bibliography, http://dblp.org}
}


@inproceedings{Kotla+al:sosp:zyzzyva:2007,
  author    = {Ramakrishna Kotla and
               Lorenzo Alvisi and
               Michael Dahlin and
               Allen Clement and
               Edmund L. Wong},
  title     = {Zyzzyva: speculative byzantine fault tolerance},
  booktitle = {Proceedings of the 21st {ACM} Symposium on Operating Systems Principles
               2007, {SOSP} 2007, Stevenson, Washington, USA, October 14-17, 2007},
  pages     = {45--58},
  year      = {2007},
  crossref  = {DBLP:conf/sosp/2007},
  url       = {http://doi.acm.org/10.1145/1294261.1294267},
  doi       = {10.1145/1294261.1294267},
  timestamp = {Mon, 22 Jun 2015 17:24:47 +0200},
  biburl    = {http://dblp.uni-trier.de/rec/bib/conf/sosp/KotlaADCW07},
  bibsource = {dblp computer science bibliography, http://dblp.org}
}


@inproceedings{Kouskoulas+Renshaw+Platzer+Kazanzides:hybrid:2013,
  author    = {Yanni Kouskoulas and
               David W. Renshaw and
               Andr{\'{e}} Platzer and
               Peter Kazanzides},
  title     = {Certifying the safe design of a virtual fixture control algorithm
               for a surgical robot},
  booktitle = {Proceedings of the 16th international conference on Hybrid systems:
               computation and control, {HSCC} 2013, April 8-11, 2013, Philadelphia,
               PA, {USA}},
  pages     = {263--272},
  year      = {2013},
  crossref  = {DBLP:conf/hybrid/2013},
  url       = {http://doi.acm.org/10.1145/2461328.2461369},
  doi       = {10.1145/2461328.2461369},
  timestamp = {Sat, 04 May 2013 11:51:35 +0200},
  biburl    = {http://dblp.uni-trier.de/rec/bib/conf/hybrid/KouskoulasRPK13},
  bibsource = {dblp computer science bibliography, http://dblp.org}
}


@article{Krebbers+Spitters:lmcs:corn:2011,
  author    = {Robbert Krebbers and
               Bas Spitters},
  title     = {Type classes for efficient exact real arithmetic in {C}oq},
  journal   = {{Logical Methods in Computer Science}},
  volume    = {9},
  number    = {1},
  year      = {2011},
  url       = {http://dx.doi.org/10.2168/LMCS-9(1:01)2013},
  doi       = {10.2168/LMCS-9(1:01)2013},
  timestamp = {Mon, 28 Oct 2013 16:56:55 +0100},
  biburl    = {http://dblp.uni-trier.de/rec/bib/journals/corr/abs-1106-3448},
  bibsource = {dblp computer science bibliography, http://dblp.org}
}


@inproceedings{Kursawe:srds:OptimisticByzAgreement:2002,
  author    = {Klaus Kursawe},
  title     = {Optimistic Byzantine Agreement},
  booktitle = {21st Symposium on Reliable Distributed Systems {(SRDS} 2002), 13-16
               October 2002, Osaka, Japan},
  pages     = {262--267},
  year      = {2002},
  crossref  = {DBLP:conf/srds/2002},
  url       = {http://dx.doi.org/10.1109/RELDIS.2002.1180196},
  doi       = {10.1109/RELDIS.2002.1180196},
  timestamp = {Sat, 10 Jan 2015 13:00:02 +0100},
  biburl    = {http://dblp.uni-trier.de/rec/bib/conf/srds/Kursawe02},
  bibsource = {dblp computer science bibliography, http://dblp.org}
}


@article{Lamport+Shostak+Pease:1982,
  author    = {Leslie Lamport and
               Robert E. Shostak and
               Marshall C. Pease},
  title     = {The Byzantine Generals Problem},
  journal   = {{ACM} Trans. Program. Lang. Syst.},
  volume    = {4},
  number    = {3},
  pages     = {382--401},
  year      = {1982},
  url       = {http://doi.acm.org/10.1145/357172.357176},
  doi       = {10.1145/357172.357176},
  timestamp = {Mon, 03 Apr 2006 11:19:30 +0200},
  biburl    = {http://dblp.uni-trier.de/rec/bib/journals/toplas/LamportSP82},
  bibsource = {dblp computer science bibliography, http://dblp.org}
}


@article{Lamport:1998,
  author       = {Leslie Lamport},
  title        = {The Part-Time Parliament},
  journal      = {ACM Trans. Comput. Syst.},
  volume       = {16},
  number       = {2},
  year         = {1998},
  pages        = {133-169},
  ee           = {http://doi.acm.org/10.1145/279227.279229},
  bibsource    = {DBLP, http://dblp.uni-trier.de},
  url          = {http://dl.acm.org/citation.cfm?id=279229}
}


@inproceedings{Lamport:opodis:2002,
  author    = {Leslie Lamport},
  title     = {Paxos Made Simple, Fast, and Byzantine},
  booktitle = {Procedings of the 6th International Conference on Principles of Distributed
               Systems. {OPODIS} 2002, Reims, France, December 11-13, 2002},
  pages     = {7--9},
  year      = {2002},
  crossref  = {DBLP:conf/opodis/2002},
  timestamp = {Tue, 20 Jan 2004 14:15:23 +0100},
  biburl    = {http://dblp.uni-trier.de/rec/bib/conf/opodis/Lamport02},
  bibsource = {dblp computer science bibliography, http://dblp.org}
}


@techreport{Lamport+Malkhi+Zhou:2008,
  author      = {Leslie Lamport and Dahlia Malkhi and Lidong Zhou},
  title       = {Stoppable Paxos},
  institution = {Microsoft Research},
  month       = {April},
  year        = {2008},
  url         = {http://research.microsoft.com/apps/pubs/default.aspx?id=101826}
}


@inproceedings{Lamport:wdag:2011,
  author    = {Leslie Lamport},
  title     = {Byzantizing Paxos by Refinement},
  booktitle = {Distributed Computing - 25th International Symposium, {DISC} 2011,
               Rome, Italy, September 20-22, 2011. Proceedings},
  pages     = {211--224},
  year      = {2011},
  crossref  = {DBLP:conf/wdag/2011},
  url       = {http://dx.doi.org/10.1007/978-3-642-24100-0_22},
  doi       = {10.1007/978-3-642-24100-0_22},
  timestamp = {Thu, 20 Oct 2011 19:05:50 +0200},
  biburl    = {http://dblp.uni-trier.de/rec/bib/conf/wdag/Lamport11a},
  bibsource = {dblp computer science bibliography, http://dblp.org}
}


@inproceedings{Lee+al:turret:idcs:2014,
  author    = {Hyojeong Lee and
               Jeff Seibert and
               Md. Endadul Hoque and
               Charles Edwin Killian and
               Cristina Nita{-}Rotaru},
  title     = {Turret: {A} Platform for Automated Attack Finding in Unmodified Distributed
               System Implementations},
  booktitle = {{IEEE} 34th International Conference on Distributed Computing Systems,
               {ICDCS} 2014, Madrid, Spain, June 30 - July 3, 2014},
  pages     = {660--669},
  year      = {2014},
  crossref  = {DBLP:conf/icdcs/2014},
  url       = {http://dx.doi.org/10.1109/ICDCS.2014.73},
  doi       = {10.1109/ICDCS.2014.73},
  timestamp = {Thu, 11 Dec 2014 17:34:04 +0100},
  biburl    = {http://dblp.uni-trier.de/rec/bib/conf/icdcs/LeeSHKN14},
  bibsource = {dblp computer science bibliography, http://dblp.org}
}


@inproceedings{Leroy:popl:2006,
  author    = {Xavier Leroy},
  title     = {Formal certification of a compiler back-end or: programming a compiler
               with a proof assistant},
  pages     = {42--54},
  year      = {2006},
  crossref  = {DBLP:conf/popl/2006},
  url       = {http://doi.acm.org/10.1145/1111037.1111042},
  doi       = {10.1145/1111037.1111042},
  timestamp = {Tue, 22 May 2012 15:24:56 +0200},
  biburl    = {http://dblp.uni-trier.de/rec/bib/conf/popl/Leroy06},
  bibsource = {dblp computer science bibliography, http://dblp.org}
}


@article{Leroy:cacm:2009,
  author    = {Xavier Leroy},
  title     = {Formal verification of a realistic compiler},
  journal   = {Commun. {ACM}},
  volume    = {52},
  number    = {7},
  pages     = {107--115},
  year      = {2009},
  url       = {http://doi.acm.org/10.1145/1538788.1538814},
  doi       = {10.1145/1538788.1538814},
  timestamp = {Thu, 02 Jul 2009 13:36:32 +0200},
  biburl    = {http://dblp.uni-trier.de/rec/bib/journals/cacm/Leroy09},
  bibsource = {dblp computer science bibliography, http://dblp.org}
}


@inproceedings{Liang+Feng+Shao:csl:2014,
  author    = {Hongjin Liang and
               Xinyu Feng and
               Zhong Shao},
  title     = {Compositional verification of termination-preserving refinement of
               concurrent programs},
  pages     = {65:1--65:10},
  year      = {2014},
  crossref  = {DBLP:conf/csl/2014},
  url       = {http://doi.acm.org/10.1145/2603088.2603123},
  doi       = {10.1145/2603088.2603123},
  timestamp = {Thu, 23 Apr 2015 17:57:17 +0200},
  biburl    = {http://dblp.uni-trier.de/rec/bib/conf/csl/LiangFS14},
  bibsource = {dblp computer science bibliography, http://dblp.org}
}


@inproceedings{Loos+Platzer:fm:2011,
  author    = {Sarah M. Loos and
               Andr{\'{e}} Platzer and
               Ligia Nistor},
  title     = {Adaptive Cruise Control: Hybrid, Distributed, and Now Formally Verified},
  pages     = {42--56},
  year      = {2011},
  crossref  = {DBLP:conf/fm/2011},
  url       = {http://dx.doi.org/10.1007/978-3-642-21437-0_6},
  doi       = {10.1007/978-3-642-21437-0_6},
  timestamp = {Tue, 02 Dec 2014 14:02:24 +0100},
  biburl    = {http://dblp.uni-trier.de/rec/bib/conf/fm/LoosPN11},
  bibsource = {dblp computer science bibliography, http://dblp.org}
}


@inproceedings{Loos+Platzer:itsc:2011,
  author    = {Sarah M. Loos and
               Andr{\'e} Platzer},
  title     = {Safe Intersections: At the Crossing of
               Hybrid Systems and Verification},
  booktitle = {ITSC},
  longbooktitle = {Intelligent Transportation Systems
               (ITSC), 14th International IEEE Conference
               on, October 5-7, Washington, DC, USA,
               Proceedings},
  year      = {2011},
  pages     = {1181-1186},
  doi       = {10.1109/ITSC.2011.6083138},
  keywords  = {},
  editor    = {Kyongsu Yi},
}


@inproceedings{Loos+Renshaw+Platzer:hybrid:2013,
  author    = {Sarah M. Loos and
               David W. Renshaw and
               Andr{\'{e}} Platzer},
  title     = {Formal verification of distributed aircraft controllers},
  pages     = {125--130},
  year      = {2013},
  crossref  = {DBLP:conf/hybrid/2013},
  url       = {http://doi.acm.org/10.1145/2461328.2461350},
  doi       = {10.1145/2461328.2461350},
  timestamp = {Fri, 03 May 2013 21:31:34 +0200},
  biburl    = {http://dblp.uni-trier.de/rec/bib/conf/hybrid/LoosRP13},
  bibsource = {dblp computer science bibliography, http://dblp.org}
}


@article{Loos+Platzer:2016,
  author    = {Sarah M. Loos and André Platzer},
  title     = {Differential Refinement Logic},
  journal   = {Proceedings of LICS 2016},
  year      = {2016},
  url       = {http://symbolaris.com/pub/dRL.pdf}
}


@inproceedings{Lucani+Fitzek+Medard+Stojanovic:wiopt:2009,
  author    = {Daniel Enrique Lucani and
               Frank H. P. Fitzek and
               Muriel M{\'{e}}dard and
               Milica Stojanovic},
  title     = {Network coding for data dissemination: it is not what you know, but
               what your neighbors don't know},
  booktitle = {7th International Symposium on Modeling and Optimization in Mobile,
               Ad Hoc, and Wireless Networks, WiOpt 2009, Seoul, Korea, June 23-27,
               2009},
  pages     = {1--8},
  year      = {2009},
  crossref  = {DBLP:conf/wiopt/2009},
  url       = {http://dx.doi.org/10.1109/WIOPT.2009.5291585},
  doi       = {10.1109/WIOPT.2009.5291585},
  timestamp = {Mon, 23 Mar 2015 18:29:28 +0100},
  biburl    = {http://dblp.uni-trier.de/rec/bib/conf/wiopt/LucaniFMS09},
  bibsource = {dblp computer science bibliography, http://dblp.org}
}


@article{Luo+Qin:entcs:2008,
  author    = {Chenguang Luo and
               Shengchao Qin},
  title     = {Separation Logic for Multiple Inheritance},
  journal   = {Electr. Notes Theor. Comput. Sci.},
  volume    = {212},
  pages     = {27--40},
  year      = {2008},
  url       = {http://dx.doi.org/10.1016/j.entcs.2008.04.051},
  doi       = {10.1016/j.entcs.2008.04.051},
  timestamp = {Wed, 11 Jun 2008 14:43:19 +0200},
  biburl    = {http://dblp.uni-trier.de/rec/bib/journals/entcs/LuoQ08},
  bibsource = {dblp computer science bibliography, http://dblp.org}
}


@inproceedings{Madhavapeddy+al:unikernels:asplos:2013,
  author    = {Anil Madhavapeddy and
               Richard Mortier and
               Charalampos Rotsos and
               David J. Scott and
               Balraj Singh and
               Thomas Gazagnaire and
               Steven Smith and
               Steven Hand and
               Jon Crowcroft},
  title     = {Unikernels: library operating systems for the cloud},
  pages     = {461--472},
  year      = {2013},
  crossref  = {DBLP:conf/asplos/2013},
  url       = {http://doi.acm.org/10.1145/2451116.2451167},
  doi       = {10.1145/2451116.2451167},
  timestamp = {Fri, 24 Jan 2014 13:32:31 +0100},
  biburl    = {http://dblp.uni-trier.de/rec/bib/conf/asplos/MadhavapeddyMRSSGSHC13},
  bibsource = {dblp computer science bibliography, http://dblp.org}
}


@article{Madhavapeddy+Scott:cacm:2014,
  author    = {Anil Madhavapeddy and
               David J. Scott},
  title     = {Unikernels: the rise of the virtual library operating system},
  journal   = {Commun. {ACM}},
  volume    = {57},
  number    = {1},
  pages     = {61--69},
  year      = {2014},
  url       = {http://doi.acm.org/10.1145/2541883.2541895},
  doi       = {10.1145/2541883.2541895},
  timestamp = {Fri, 24 Jan 2014 13:34:06 +0100},
  biburl    = {http://dblp.uni-trier.de/rec/bib/journals/cacm/MadhavapeddyS14},
  bibsource = {dblp computer science bibliography, http://dblp.org}
}


@article{Marche+PaulinMohring+Urbain:2004,
  author    = {Claude March{\'{e}} and
               Christine Paulin{-}Mohring and
               Xavier Urbain},
  title     = {The {KRAKATOA} tool for certificationof {JAVA/JAVACARD} programs annotated
               in {JML}},
  journal   = {J. Log. Algebr. Program.},
  volume    = {58},
  number    = {1-2},
  pages     = {89--106},
  year      = {2004},
  url       = {http://dx.doi.org/10.1016/j.jlap.2003.07.006},
  doi       = {10.1016/j.jlap.2003.07.006},
  timestamp = {Mon, 21 Feb 2005 12:26:33 +0100},
  biburl    = {http://dblp.uni-trier.de/rec/bib/journals/jlp/MarchePU04},
  bibsource = {dblp computer science bibliography, http://dblp.org}
}


@inproceedings{Martin+Alvisi:dsn:FastByzantinePaxos:2005,
  author    = {Jean{-}Philippe Martin and
               Lorenzo Alvisi},
  title     = {Fast Byzantine Consensus},
  booktitle = {2005 International Conference on Dependable Systems and Networks {(DSN}
               2005), 28 June - 1 July 2005, Yokohama, Japan, Proceedings},
  pages     = {402--411},
  year      = {2005},
  crossref  = {DBLP:conf/dsn/2005},
  url       = {http://doi.ieeecomputersociety.org/10.1109/DSN.2005.48},
  doi       = {10.1109/DSN.2005.48},
  timestamp = {Mon, 01 Aug 2005 15:37:40 +0200},
  biburl    = {http://dblp.uni-trier.de/rec/bib/conf/dsn/MartinA05},
  bibsource = {dblp computer science bibliography, http://dblp.org}
}


@article{Martin+Alvisi:fab:2006,
  author    = {Jean{-}Philippe Martin and
               Lorenzo Alvisi},
  title     = {Fast Byzantine Consensus},
  journal   = {{IEEE} Trans. Dependable Sec. Comput.},
  volume    = {3},
  number    = {3},
  pages     = {202--215},
  year      = {2006},
  url       = {http://doi.ieeecomputersociety.org/10.1109/TDSC.2006.35},
  doi       = {10.1109/TDSC.2006.35},
  timestamp = {Fri, 10 Nov 2006 12:59:56 +0100},
  biburl    = {http://dblp.uni-trier.de/rec/bib/journals/tdsc/MartinA06},
  bibsource = {dblp computer science bibliography, http://dblp.org}
}


@inproceedings{Moggi:1989,
  author    = {Eugenio Moggi},
  title     = {Computational Lambda-Calculus and Monads},
  pages     = {14--23},
  year      = {1989},
  crossref  = {DBLP:conf/lics/1989},
  url       = {http://dx.doi.org/10.1109/LICS.1989.39155},
  doi       = {10.1109/LICS.1989.39155},
  timestamp = {Thu, 22 Jan 2015 09:24:52 +0100},
  biburl    = {http://dblp.uni-trier.de/rec/bib/conf/lics/Moggi89},
  bibsource = {dblp computer science bibliography, http://dblp.org}
}


@inproceedings{Moura:tacas:2008,
  author    = {Leonardo Mendon{\c{c}}a de Moura and
               Nikolaj Bj{\o}rner},
  title     = {{Z3:} An Efficient {SMT} Solver},
  pages     = {337--340},
  year      = {2008},
  crossref  = {DBLP:conf/tacas/2008},
  url       = {http://dx.doi.org/10.1007/978-3-540-78800-3_24},
  doi       = {10.1007/978-3-540-78800-3_24},
  timestamp = {Thu, 28 May 2015 17:23:18 +0200},
  biburl    = {http://dblp.uni-trier.de/rec/bib/conf/tacas/MouraB08},
  bibsource = {dblp computer science bibliography, http://dblp.org}
}


@article{McKiernan:amm:1956,
  author       = {Michel McKiernan},
  title        = {On the nth Derivative of Composite Functions},
  journal      = {The American Mathematical Monthly},
  volume       = {63},
  number       = {5},
  year         = {1956},
  pages        = {331--333},
  issn         = {00029890, 19300972},
  url          = {http://www.jstor.org/stable/2310518}
}


@inproceedings{Milosevic+Hutle+Schiper:opodis:WIC:2009,
  author    = {Zarko Milosevic and
               Martin Hutle and
               Andr{\'{e}} Schiper},
  title     = {Unifying Byzantine Consensus Algorithms with Weak Interactive Consistency},
  booktitle = {Principles of Distributed Systems, 13th International Conference,
               {OPODIS} 2009, N{\^{\i}}mes, France, December 15-18, 2009. Proceedings},
  pages     = {300--314},
  year      = {2009},
  crossref  = {DBLP:conf/opodis/2009},
  url       = {http://dx.doi.org/10.1007/978-3-642-10877-8_24},
  doi       = {10.1007/978-3-642-10877-8_24},
  timestamp = {Mon, 11 Jun 2012 11:19:57 +0200},
  biburl    = {http://dblp.uni-trier.de/rec/bib/conf/opodis/MilosevicHS09},
  bibsource = {dblp computer science bibliography, http://dblp.org}
}


@inproceedings{Mitsch+Loos+Platzer:iccps:2012,
  author    = {Stefan Mitsch and
               Sarah M. Loos and
               Andr{\'{e}} Platzer},
  title     = {Towards Formal Verification of Freeway Traffic Control},
  pages     = {171--180},
  year      = {2012},
  crossref  = {DBLP:conf/iccps/2012},
  url       = {http://dx.doi.org/10.1109/ICCPS.2012.25},
  doi       = {10.1109/ICCPS.2012.25},
  timestamp = {Wed, 01 Jun 2016 13:57:22 +0200},
  biburl    = {http://dblp.uni-trier.de/rec/bib/conf/iccps/MitschLP12},
  bibsource = {dblp computer science bibliography, http://dblp.org}
}


@inproceedings{Mitsch+Ghorbal+Platzer:rss:2013,
  author    = {Stefan Mitsch and
               Khalil Ghorbal and
               Andr{\'{e}} Platzer},
  title     = {On Provably Safe Obstacle Avoidance for Autonomous Robotic Ground
               Vehicles},
  year      = {2013},
  crossref  = {DBLP:conf/rss/2013},
  url       = {http://www.roboticsproceedings.org/rss09/p14.html},
  timestamp = {Tue, 09 Feb 2016 15:15:28 +0100},
  biburl    = {http://dblp.uni-trier.de/rec/bib/conf/rss/MitschGP13},
  bibsource = {dblp computer science bibliography, http://dblp.org}
}


@inproceedings{Oki+Liskov:podc:2008,
  author    = {Brian M. Oki and
               Barbara Liskov},
  title     = {Viewstamped Replication: {A} General Primary Copy},
  booktitle = {Proceedings of the Seventh Annual {ACM} Symposium on Principles of
               Distributed Computing, Toronto, Ontario, Canada, August 15-17, 1988},
  pages     = {8--17},
  year      = {1988},
  crossref  = {DBLP:conf/podc/1988},
  url       = {http://doi.acm.org/10.1145/62546.62549},
  doi       = {10.1145/62546.62549},
  timestamp = {Wed, 23 May 2012 14:26:11 +0200},
  biburl    = {http://dblp.uni-trier.de/rec/bib/conf/podc/OkiL88},
  bibsource = {dblp computer science bibliography, http://dblp.org}
}


@inproceedings{OHearn+Reynolds+Yang:csl:2001,
  author    = {Peter W. O'Hearn and
               John C. Reynolds and
               Hongseok Yang},
  title     = {Local Reasoning about Programs that Alter Data Structures},
  pages     = {1--19},
  year      = {2001},
  crossref  = {DBLP:conf/csl/2001},
  url       = {http://dx.doi.org/10.1007/3-540-44802-0_1},
  doi       = {10.1007/3-540-44802-0_1},
  timestamp = {Tue, 28 Jun 2011 15:11:08 +0200},
  biburl    = {http://dblp.uni-trier.de/rec/bib/conf/csl/OHearnRY01},
  bibsource = {dblp computer science bibliography, http://dblp.org}
}


@article{OHearn:tcs:2007,
  author    = {Peter W. O'Hearn},
  title     = {Resources, concurrency, and local reasoning},
  journal   = {Theor. Comput. Sci.},
  volume    = {375},
  number    = {1-3},
  pages     = {271--307},
  year      = {2007},
  url       = {http://dx.doi.org/10.1016/j.tcs.2006.12.035},
  doi       = {10.1016/j.tcs.2006.12.035},
  timestamp = {Wed, 09 May 2007 14:36:07 +0200},
  biburl    = {http://dblp.uni-trier.de/rec/bib/journals/tcs/OHearn07},
  bibsource = {dblp computer science bibliography, http://dblp.org}
}


@inproceedings{Ongaro+Ousterhout:2014,
  author    = {Diego Ongaro and
               John K. Ousterhout},
  title     = {In Search of an Understandable Consensus Algorithm},
  booktitle = {2014 {USENIX} Annual Technical Conference, {USENIX} {ATC} '14, Philadelphia,
               PA, USA, June 19-20, 2014.},
  pages     = {305--319},
  year      = {2014},
  crossref  = {DBLP:conf/usenix/2014},
  url       = {https://www.usenix.org/conference/atc14/technical-sessions/presentation/ongaro},
  timestamp = {Wed, 10 Sep 2014 16:46:28 +0200},
  biburl    = {http://dblp.uni-trier.de/rec/bib/conf/usenix/OngaroO14},
  bibsource = {dblp computer science bibliography, http://dblp.org}
}


@incollection{Parkinson+Bierman:lncs:SepLogOO:2013,
  author    = {Matthew J. Parkinson and
               Gavin M. Bierman},
  title     = {Separation Logic for Object-Oriented Programming},
  booktitle = {Aliasing in Object-Oriented Programming. Types, Analysis and Verification},
  pages     = {366--406},
  year      = {2013},
  crossref  = {DBLP:series/lncs/7850},
  url       = {http://dx.doi.org/10.1007/978-3-642-36946-9_13},
  doi       = {10.1007/978-3-642-36946-9_13},
  timestamp = {Wed, 11 Sep 2013 07:59:06 +0200},
  biburl    = {http://dblp.uni-trier.de/rec/bib/series/lncs/ParkinsonB13},
  bibsource = {dblp computer science bibliography, http://dblp.org}
}


@inproceedings{Pedersen+Fitzek+Larsen:2008,
  author    = {M.V. Pedersen
               and F.H.P. Fitzek
	       and T. Larsen},
  title     = {{Implementation and Performance Evaluation of Network Coding for
               Cooperative Mobile Devices}},
  booktitle = {IEEE International Conference on Communications (ICC 2008) -
               CoCoNet Workshop},
  url       = {http://kom.aau.dk/~ff/documents/ICC08WS},
  publisher = {IEEE},
  doi       = {10.1109/ICCW.2008.22},
  month     = {May},
  pages     = {91--96},
  year      = {2008},
}


@article{Platzer:jar:ddl:2008,
  author    = {Andr{\'{e}} Platzer},
  title     = {Differential Dynamic Logic for Hybrid Systems},
  journal   = {J. Autom. Reasoning},
  volume    = {41},
  number    = {2},
  pages     = {143--189},
  year      = {2008},
  url       = {http://dx.doi.org/10.1007/s10817-008-9103-8},
  doi       = {10.1007/s10817-008-9103-8},
  timestamp = {Tue, 25 Nov 2008 13:28:17 +0100},
  biburl    = {http://dblp.uni-trier.de/rec/bib/journals/jar/Platzer08},
  bibsource = {dblp computer science bibliography, http://dblp.org}
}


@inproceedings{Platzer+Quesel:cade:keymaera:2008,
  author    = {Andr{\'{e}} Platzer and
               Jan{-}David Quesel},
  title     = {{KeYmaera}: {A} Hybrid Theorem Prover for Hybrid Systems (System Description)},
  pages     = {171--178},
  year      = {2008},
  crossref  = {DBLP:conf/cade/2008},
  url       = {http://dx.doi.org/10.1007/978-3-540-71070-7_15},
  doi       = {10.1007/978-3-540-71070-7_15},
  timestamp = {Fri, 05 Sep 2008 08:28:33 +0200},
  biburl    = {http://dblp.uni-trier.de/rec/bib/conf/cade/PlatzerQ08},
  bibsource = {dblp computer science bibliography, http://dblp.org}
}


@inproceedings{Platzer+Clarke:fm:2009,
  author    = {Andr{\'{e}} Platzer and
               Edmund M. Clarke},
  title     = {Formal Verification of Curved Flight Collision Avoidance Maneuvers:
               {A} Case Study},
  pages     = {547--562},
  year      = {2009},
  crossref  = {DBLP:conf/fm/2009},
  url       = {http://dx.doi.org/10.1007/978-3-642-05089-3_35},
  doi       = {10.1007/978-3-642-05089-3_35},
  timestamp = {Thu, 05 Nov 2009 14:17:14 +0100},
  biburl    = {http://dblp.uni-trier.de/rec/bib/conf/fm/PlatzerC09},
  bibsource = {dblp computer science bibliography, http://dblp.org}
}


@inproceedings{Platzer+Quesel:cade:train:2009,
  author    = {Andr{\'{e}} Platzer and
               Jan{-}David Quesel},
  title     = {European Train Control System: {A} Case Study in Formal Verification},
  pages     = {246--265},
  year      = {2009},
  crossref  = {DBLP:conf/icfem/2009},
  url       = {http://dx.doi.org/10.1007/978-3-642-10373-5_13},
  doi       = {10.1007/978-3-642-10373-5_13},
  timestamp = {Tue, 14 Jun 2016 17:22:51 +0200},
  biburl    = {http://dblp.uni-trier.de/rec/bib/conf/icfem/PlatzerQ09},
  bibsource = {dblp computer science bibliography, http://dblp.org}
}


@book{Platzer:2010,
  author    = {Andr{\'{e}} Platzer},
  title     = {Logical Analysis of Hybrid Systems - Proving Theorems for Complex
               Dynamics},
  publisher = {Springer},
  year      = {2010},
  url       = {http://dx.doi.org/10.1007/978-3-642-14509-4},
  doi       = {10.1007/978-3-642-14509-4},
  isbn      = {978-3-642-14508-7},
  timestamp = {Fri, 04 Feb 2011 12:19:51 +0100},
  biburl    = {http://dblp.uni-trier.de/rec/bib/books/daglib/0025392},
  bibsource = {dblp computer science bibliography, http://dblp.org}
}


@inproceedings{Platzer:cade:uniform:2015,
  author    = {Andr{\'{e}} Platzer},
  title     = {A Uniform Substitution Calculus for Differential Dynamic Logic},
  pages     = {467--481},
  year      = {2015},
  crossref  = {DBLP:conf/cade/2015},
  url       = {http://dx.doi.org/10.1007/978-3-319-21401-6_32},
  doi       = {10.1007/978-3-319-21401-6_32},
  timestamp = {Fri, 31 Jul 2015 13:18:27 +0200},
  biburl    = {http://dblp.uni-trier.de/rec/bib/conf/cade/Platzer15},
  bibsource = {dblp computer science bibliography, http://dblp.org}
}


@article{Platzer:corr:2016,
  author    = {Andr{\'{e}} Platzer},
  title     = {A Complete Uniform Substitution Calculus for Differential Dynamic
               Logic},
  journal   = {CoRR},
  volume    = {abs/1601.06183},
  year      = {2016},
  url       = {http://arxiv.org/abs/1601.06183},
  timestamp = {Mon, 01 Feb 2016 15:36:05 +0100},
  biburl    = {http://dblp.uni-trier.de/rec/bib/journals/corr/Platzer16},
  bibsource = {dblp computer science bibliography, http://dblp.org}
}


@inproceedings{Rahli+Bickford:cpp:2016,
  author    = {Vincent Rahli and
               Mark Bickford},
  title     = {A nominal exploration of intuitionism},
  pages     = {130--141},
  year      = {2016},
  crossref  = {DBLP:conf/cpp/2016},
  url       = {http://doi.acm.org/10.1145/2854065.2854077},
  doi       = {10.1145/2854065.2854077},
  timestamp = {Mon, 18 Jan 2016 19:37:27 +0100},
  biburl    = {http://dblp.uni-trier.de/rec/bib/conf/cpp/RahliB16},
  bibsource = {dblp computer science bibliography, http://dblp.org}
}


@article{Renesse+Schiper+Schneider:tdsc:2015,
  author    = {Robbert van Renesse and
               Nicolas Schiper and
               Fred B. Schneider},
  title     = {Vive La Diff{\'{e}}rence: Paxos vs. Viewstamped Replication vs.
               Zab},
  journal   = {{IEEE} Trans. Dependable Sec. Comput.},
  volume    = {12},
  number    = {4},
  pages     = {472--484},
  year      = {2015},
  url       = {http://dx.doi.org/10.1109/TDSC.2014.2355848},
  doi       = {10.1109/TDSC.2014.2355848},
  timestamp = {Tue, 14 Jul 2015 17:40:48 +0200},
  biburl    = {http://dblp.uni-trier.de/rec/bib/journals/tdsc/RenesseSS15},
  bibsource = {dblp computer science bibliography, http://dblp.org}
}


@article{Renesse+Altinbuken:2015,
  author    = {Robbert van Renesse and
               Deniz Altinbuken},
  title     = {Paxos Made Moderately Complex},
  journal   = {{ACM} Comput. Surv.},
  volume    = {47},
  number    = {3},
  pages     = {5:1--5:36},
  year      = {2015},
  url       = {http://dx.doi.org/10.1145/2673577},
  doi       = {10.1145/2673577},
  timestamp = {Mon, 20 Apr 2015 14:27:16 +0200},
  biburl    = {http://dblp.uni-trier.de/rec/bib/journals/csur/RenesseA15},
  bibsource = {dblp computer science bibliography, http://dblp.org}
}


@inproceedings{Reynolds:2000,
  author    = {John C. Reynolds},
  title     = {Intuitionistic Reasoning about Shared Mutable Data Structure},
  booktitle = {Millennial Perspectives in Computer Science},
  year      = {2000},
  pages     = {303--321},
  publisher = {Palgrave}
}


@inproceedings{Reynolds:lics:SeparationLogic:2002,
  author    = {John C. Reynolds},
  title     = {Separation Logic: {A} Logic for Shared Mutable Data Structures},
  pages     = {55--74},
  year      = {2002},
  crossref  = {DBLP:conf/lics/2002},
  url       = {http://dx.doi.org/10.1109/LICS.2002.1029817},
  doi       = {10.1109/LICS.2002.1029817},
  timestamp = {Sat, 22 Nov 2014 13:44:45 +0100},
  biburl    = {http://dblp.uni-trier.de/rec/bib/conf/lics/Reynolds02},
  bibsource = {dblp computer science bibliography, http://dblp.org}
}


@inproceedings{Ricketts:memcode:2015,
  author    = {Daniel Ricketts and
               Gregory Malecha and
               Mario M. Alvarez and
               Vignesh Gowda and
               Sorin Lerner},
  title     = {Towards verification of hybrid systems in a foundational proof assistant},
  pages     = {248--257},
  year      = {2015},
  crossref  = {DBLP:conf/memocode/2015},
  url       = {http://dx.doi.org/10.1109/MEMCOD.2015.7340492},
  doi       = {10.1109/MEMCOD.2015.7340492},
  timestamp = {Tue, 08 Dec 2015 17:08:30 +0100},
  biburl    = {http://dblp.uni-trier.de/rec/bib/conf/memocode/RickettsMAGL15},
  bibsource = {dblp computer science bibliography, http://dblp.org}
}


@article{Riordan:ams:1946,
author      = {John Riordan},
fjournal    = {Bulletin of the American Mathematical Society},
journal     = {Bull. Amer. Math. Soc.},
month       = {08},
number      = {8},
pages       = {664--667},
publisher   = {American Mathematical Society},
title       = {Derivatives of composite functions},
url         = {http://projecteuclid.org/euclid.bams/1183509573},
volume      = {52},
year        = {1946}
}


@book{Riordan:2012,
  title     ={Introduction to Combinatorial Analysis},
  author    ={Riordan, J.},
  isbn      = {9780486154404},
  series    ={Dover Books on Mathematics},
  url       ={https://books.google.lu/books?id=Wa3OAgAAQBAJ},
  year      ={2012},
  publisher ={Dover Publications}
}


@article{Roman:ams:1980,
author      = {Steven Roman},
journal     = {American Mathematical Society},
pages       = {805-809},
publisher   = {American Mathematical Society},
title       = {The Formula of Faa di Bruno},
url         = {http://www.sroman.com/matharticles/FaaDiBruno.pdf},
volume      = {87},
year        = {1980}
}


@article{Schneider:1990,
  author    = {Fred B. Schneider},
  title     = {Implementing Fault-Tolerant Services Using the State Machine
               Approach: A Tutorial},
  journal   = {ACM Comput. Surv.},
  volume    = {22},
  number    = {4},
  year      = {1990},
  pages     = {299--319},
  ee        = {http://doi.acm.org/10.1145/98163.98167},
  bibsource = {DBLP, http://dblp.uni-trier.de},
  url       = {https://www.cs.cornell.edu/fbs/publications/SMSurvey.pdf}
}


@inproceedings{Schupbach+al:barrelfish:2008,
  author       = {Adrian Sch{\"u}pbach and Simon Peter and Andrew Baumann and Timothy Roscoe and Paul
                  Barham and Tim Harris and Rebecca Isaacs},
  title        = {Embracing diversity in the Barrelfish manycore operating system},
  booktitle    = {Proceedings of the Workshop on Managed Many-Core Systems},
  month        = {June},
  publisher    = {Association for Computing Machinery, Inc.},
  url          = {http://research.microsoft.com/apps/pubs/default.aspx?id=75721},
  year         = {2008},
}


@inproceedings{Singh+al:nsdi:underfire:2008,
  author    = {Atul Singh and
               Tathagata Das and
               Petros Maniatis and
               Peter Druschel and
               Timothy Roscoe},
  title     = {{BFT} Protocols Under Fire},
  booktitle = {5th {USENIX} Symposium on Networked Systems Design {\&} Implementation,
               {NSDI} 2008, April 16-18, 2008, San Francisco, CA, USA, Proceedings},
  pages     = {189--204},
  year      = {2008},
  crossref  = {DBLP:conf/nsdi/2008},
  url       = {http://www.usenix.org/events/nsdi08/tech/full_papers/singh/singh.pdf},
  timestamp = {Thu, 15 May 2014 19:24:03 +0200},
  biburl    = {http://dblp.uni-trier.de/rec/bib/conf/nsdi/SinghDMDR08},
  bibsource = {dblp computer science bibliography, http://dblp.org}
}


@inproceedings{Sousa+Neves+Verissimo:dsn:2005,
  author    = {Paulo Sousa and
               Nuno Ferreira Neves and
               Paulo Ver{\'{i}}ssimo},
  title     = {How Resilient are Distributed f Fault/Intrusion-Tolerant Systems?},
  booktitle = {2005 International Conference on Dependable Systems and Networks {(DSN}
               2005), 28 June - 1 July 2005, Yokohama, Japan, Proceedings},
  pages     = {98--107},
  year      = {2005},
  crossref  = {DBLP:conf/dsn/2005},
  url       = {http://doi.ieeecomputersociety.org/10.1109/DSN.2005.55},
  doi       = {10.1109/DSN.2005.55},
  timestamp = {Mon, 01 Aug 2005 15:37:40 +0200},
  biburl    = {http://dblp.uni-trier.de/rec/bib/conf/dsn/SousaNV05},
  bibsource = {dblp computer science bibliography, http://dblp.org}
}


@inproceedings{Sousa+Bessani:edcc:2012,
  author    = {Jo{\~{a}}o Sousa and
               Alysson Neves Bessani},
  title     = {From Byzantine Consensus to {BFT} State Machine Replication: {A} Latency-Optimal
               Transformation},
  booktitle = {2012 Ninth European Dependable Computing Conference, Sibiu, Romania,
               May 8-11, 2012},
  pages     = {37--48},
  year      = {2012},
  crossref  = {DBLP:conf/edcc/2012},
  url       = {http://dx.doi.org/10.1109/EDCC.2012.32},
  doi       = {10.1109/EDCC.2012.32},
  timestamp = {Fri, 27 Mar 2015 16:12:45 +0100},
  biburl    = {http://dblp.uni-trier.de/rec/bib/conf/edcc/SousaB12},
  bibsource = {dblp computer science bibliography, http://dblp.org}
}


@inproceedings{Quesel+Platzer:cade:2012,
  author    = {Jan{-}David Quesel and
               Andr{\'{e}} Platzer},
  title     = {Playing Hybrid Games with KeYmaera},
  pages     = {439--453},
  year      = {2012},
  crossref  = {DBLP:conf/cade/2012},
  url       = {http://dx.doi.org/10.1007/978-3-642-31365-3_34},
  doi       = {10.1007/978-3-642-31365-3_34},
  timestamp = {Tue, 03 Jul 2012 10:44:08 +0200},
  biburl    = {http://dblp.uni-trier.de/rec/bib/conf/cade/QueselP12},
  bibsource = {dblp computer science bibliography, http://dblp.org}
}


@inproceedings{Vafeiadis+Narayan:oopsla:RelSepLog:2013,
  author    = {Viktor Vafeiadis and
               Chinmay Narayan},
  title     = {Relaxed separation logic: a program logic for {C11} concurrency},
  pages     = {867--884},
  year      = {2013},
  crossref  = {DBLP:conf/oopsla/2013},
  url       = {http://doi.acm.org/10.1145/2509136.2509532},
  doi       = {10.1145/2509136.2509532},
  timestamp = {Fri, 25 Oct 2013 08:46:39 +0200},
  biburl    = {http://dblp.uni-trier.de/rec/bib/conf/oopsla/VafeiadisN13},
  bibsource = {dblp computer science bibliography, http://dblp.org}
}


@inproceedings{Vasudevan+al:sp:XMHF:2013,
  author    = {Amit Vasudevan and
               Sagar Chaki and
               Limin Jia and
               Jonathan M. McCune and
               James Newsome and
               Anupam Datta},
  title     = {Design, Implementation and Verification of an eXtensible and Modular
               Hypervisor Framework},
  pages     = {430--444},
  year      = {2013},
  crossref  = {DBLP:conf/sp/2013},
  url       = {http://dx.doi.org/10.1109/SP.2013.36},
  doi       = {10.1109/SP.2013.36},
  timestamp = {Thu, 08 Jan 2015 16:59:44 +0100},
  biburl    = {http://dblp.uni-trier.de/rec/bib/conf/sp/VasudevanCJMND13},
  bibsource = {dblp computer science bibliography, http://dblp.org}
}


@article{Veronese+al:tc:MinBFT:2013,
  author    = {Giuliana Santos Veronese and
               Miguel Correia and
               Alysson Neves Bessani and
               Lau Cheuk Lung and
               Paulo Ver{\'{i}}ssimo},
  title     = {Efficient Byzantine Fault-Tolerance},
  journal   = {{IEEE} Trans. Computers},
  volume    = {62},
  number    = {1},
  pages     = {16--30},
  year      = {2013},
  url       = {http://doi.ieeecomputersociety.org/10.1109/TC.2011.221},
  doi       = {10.1109/TC.2011.221},
  timestamp = {Mon, 03 Dec 2012 14:12:14 +0100},
  biburl    = {http://dblp.uni-trier.de/rec/bib/journals/tc/VeroneseCBLV13},
  bibsource = {dblp computer science bibliography, http://dblp.org}
}


@inproceedings{Volker:2000,
  author    = {Norbert V\"{o}lker},
  title     = {Towards a {HOL} Framework for the Deductive Analysis of Hybrid Control Systems},
  year      = {2000},
  booktitle = {ADPM2000}
}
4th International Conference on Automation of Mixed Processes, Dortmund, Germany, 18-19 September 2000. 
Citation Information: at - Automatisierungstechnik Methoden und Anwendungen der Steuerungs-, Regelungs- und Informationstechnik. Volume 49, Issue 2/2001, Pages 97–, ISSN (Print) 0178-2312, DOI: 10.1524/auto.2001.49.2.97, September 2009
The 4th International Conference on Automation of Mixed Processes: Hybrid Dynamic Systems (ADPM 2000)


@inproceedings{Whiteside+Aspinall+Grov:aisc:2012,
  author    = {Iain Whiteside and
               David Aspinall and
               Gudmund Grov},
  title     = {An Essence of SSReflect},
  pages     = {186--201},
  year      = {2012},
  crossref  = {DBLP:conf/aisc/2012},
  url       = {http://dx.doi.org/10.1007/978-3-642-31374-5_13},
  doi       = {10.1007/978-3-642-31374-5_13},
  timestamp = {Wed, 09 Sep 2015 16:46:00 +0200},
  biburl    = {http://dblp.uni-trier.de/rec/bib/conf/aisc/WhitesideAG12},
  bibsource = {dblp computer science bibliography, http://dblp.org}
}


@inproceedings{Wilcox+al:pldi:2015,
  author    = {James R. Wilcox and
               Doug Woos and
               Pavel Panchekha and
               Zachary Tatlock and
               Xi Wang and
               Michael D. Ernst and
               Thomas E. Anderson},
  title     = {Verdi: a framework for implementing and formally verifying distributed
               systems},
  booktitle = {Proceedings of the 36th {ACM} {SIGPLAN} Conference on Programming
               Language Design and Implementation, Portland, OR, USA, June 15-17,
               2015},
  pages     = {357--368},
  year      = {2015},
  crossref  = {DBLP:conf/pldi/2015},
  url       = {http://doi.acm.org/10.1145/2737924.2737958},
  doi       = {10.1145/2737924.2737958},
  timestamp = {Mon, 08 Jun 2015 07:55:58 +0200},
  biburl    = {http://dblp.uni-trier.de/rec/bib/conf/pldi/WilcoxWPTWEA15},
  bibsource = {dblp computer science bibliography, http://dblp.org}
}


@article{Yang:tcs:2007,
  author    = {Hongseok Yang},
  title     = {Relational separation logic},
  journal   = {Theor. Comput. Sci.},
  volume    = {375},
  number    = {1-3},
  pages     = {308--334},
  year      = {2007},
  url       = {http://dx.doi.org/10.1016/j.tcs.2006.12.036},
  doi       = {10.1016/j.tcs.2006.12.036},
  timestamp = {Wed, 09 May 2007 14:36:07 +0200},
  biburl    = {http://dblp.uni-trier.de/rec/bib/journals/tcs/Yang07},
  bibsource = {dblp computer science bibliography, http://dblp.org}
}


@inproceedings{Yang+Chen+Eide+Regehr:pldi:2011,
  author    = {Xuejun Yang and
               Yang Chen and
               Eric Eide and
               John Regehr},
  title     = {Finding and understanding bugs in {C} compilers},
  booktitle = {Proceedings of the 32nd {ACM} {SIGPLAN} Conference on Programming
               Language Design and Implementation, {PLDI} 2011, San Jose, CA, USA,
               June 4-8, 2011},
  pages     = {283--294},
  year      = {2011},
  crossref  = {DBLP:conf/pldi/2011},
  url       = {http://doi.acm.org/10.1145/1993498.1993532},
  doi       = {10.1145/1993498.1993532},
  timestamp = {Tue, 07 Jun 2011 16:07:38 +0200},
  biburl    = {http://dblp.uni-trier.de/rec/bib/conf/pldi/YangCER11},
  bibsource = {dblp computer science bibliography, http://dblp.org}
}


@inproceedings{Levy+Villaret:rta:2002,
  author    = {Jordi Levy and
               Mateu Villaret},
  title     = {Currying Second-Order Unification Problems},
  pages     = {326--339},
  year      = {2002},
  crossref  = {DBLP:conf/rta/2002},
  url       = {http://dx.doi.org/10.1007/3-540-45610-4_23},
  doi       = {10.1007/3-540-45610-4_23},
  timestamp = {Thu, 30 Jun 2011 15:59:39 +0200},
  biburl    = {http://dblp.uni-trier.de/rec/bib/conf/rta/LevyV02},
  bibsource = {dblp computer science bibliography, http://dblp.org}
}


@article{Allen+al:2006,
  author       = {Stuart F. Allen and
                  Mark Bickford and
                  Robert L. Constable and
                  Richard Eaton and
                  Christoph Kreitz and
                  Lori Lorigo and
                  Evan Moran},
  title        = {Innovations in computational type theory using {N}uprl},
  journal      = {J. Applied Logic},
  volume       = {4},
  number       = {4},
  year         = {2006},
  pages        = {428-469},
  ee           = {http://dx.doi.org/10.1016/j.jal.2005.10.005},
  bibsource    = {DBLP, http://dblp.uni-trier.de},
  note         = {\url{http://www.nuprl.org/}},
}


@techreport{Barras:1997,
  author      = {Bruno Barras and Benjamin Werner},
  title       = {{C}oq in {C}oq},
  institution = {INRIA Rocquencourt},
  year        = {1997}
}


@article{Barras:2010,
  author    = {Bruno Barras},
  title     = {Sets in {C}oq, {C}oq in Sets},
  journal   = {Journal of Formalized Reasoning},
  volume    = {3},
  number    = {1},
  year      = {2010},
  pages     = {29--48}
}


@inproceedings{Werner:1997,
  author    = {Benjamin Werner},
  title     = {Sets in Types, Types in Sets},
  booktitle = {TACS},
  year      = {1997},
  pages     = {530--546},
  ee        = {http://dx.doi.org/10.1007/BFb0014566},
  crossref  = {DBLP:conf/tacs/1997},
  bibsource = {DBLP, http://dblp.uni-trier.de}
}


@inproceedings{Harrison:2006,
  author    = {John Harrison},
  title     = {Towards Self-verification of {HOL Light}},
  year      = {2006},
  pages     = {177-191},
  ee        = {http://dx.doi.org/10.1007/11814771_17},
  crossref  = {DBLP:conf/cade/2006},
  bibsource = {DBLP, http://dblp.uni-trier.de}
}


@proceedings{DBLP:conf/itp/2013,
  editor    = {Sandrine Blazy and
               Christine Paulin{-}Mohring and
               David Pichardie},
  title     = {Interactive Theorem Proving - 4th International Conference, {ITP}
               2013, Rennes, France, July 22-26, 2013. Proceedings},
  series    = {LNCS},
  volume    = {7998},
  publisher = {Springer},
  year      = {2013},
  url       = {https://doi.org/10.1007/978-3-642-39634-2},
  doi       = {10.1007/978-3-642-39634-2},
  isbn      = {978-3-642-39633-5},
  timestamp = {Tue, 14 May 2019 10:00:37 +0200},
  biburl    = {https://dblp.org/rec/bib/conf/itp/2013},
  bibsource = {dblp computer science bibliography, https://dblp.org}
}
@inproceedings{Myreen+Owens+Kumar:2013,
  author    = {Magnus O. Myreen and
               Scott Owens and
               Ramana Kumar},
  booktitle = {{ITP}},
  title     = {Steps towards Verified Implementations of {HOL Light}},
  year      = {2013},
  pages     = {490--495},
  ee        = {http://dx.doi.org/10.1007/978-3-642-39634-2_38},
  bibsource = {DBLP, http://dblp.uni-trier.de}
}
@Comment   crossref  = {DBLP:conf/itp/2013},




@inproceedings{DBLP:conf/popl/KumarMNO14,
  author    = {Ramana Kumar and
               Magnus O. Myreen and
               Michael Norrish and
               Scott Owens},
  editor    = {Suresh Jagannathan and
               Peter Sewell},
  title     = {{CakeML}: A verified implementation of {ML}},
  booktitle = {{POPL}},
  longbooktitle = {The 41st Annual {ACM} {SIGPLAN-SIGACT} Symposium on Principles of
               Programming Languages, {POPL} '14, {San Diego, CA, USA, J}anuary 20-21,
               2014},
  pages     = {179--192},
  publisher = {{ACM}},
  year      = {2014},
  url       = {http://doi.acm.org/10.1145/2535838.2535841},
  doi       = {10.1145/2535838.2535841},
  timestamp = {Mon, 05 Jun 2017 12:41:04 +0200},
  biburl    = {http://dblp.org/rec/bib/conf/popl/KumarMNO14},
  bibsource = {dblp computer science bibliography, http://dblp.org}
}


@inproceedings{Myreen+Davis:2011,
  author    = {Magnus O. Myreen and
               Jared Davis},
  title     = {A Verified Runtime for a Verified Theorem Prover},
  year      = {2011},
  pages     = {265--280},
  ee        = {http://dx.doi.org/10.1007/978-3-642-22863-6_20},
  crossref  = {DBLP:conf/itp/2011},
  bibsource = {DBLP, http://dblp.uni-trier.de}
}


@inproceedings{Myreen+Davis:itp:2014,
  author    = {Magnus O. Myreen and
               Jared Davis},
  title     = {The Reflective {Milawa} Theorem Prover Is Sound - (Down to the Machine
               Code That Runs It)},
  pages     = {421--436},
  year      = {2014},
  url       = {http://dx.doi.org/10.1007/978-3-319-08970-6_27},
  doi       = {10.1007/978-3-319-08970-6_27},
  timestamp = {Mon, 30 Jun 2014 12:30:02 +0200},
  biburl    = {http://dblp.uni-trier.de/rec/bib/conf/itp/MyreenD14},
  bibsource = {dblp computer science bibliography, http://dblp.org}
}


@article{Buisse+Dybjer:2008,
  author    = {Alexandre Buisse and
               Peter Dybjer},
  title     = {Towards Formalizing Categorical Models of Type Theory in
               Type Theory},
  journal   = {Electr. Notes Theor. Comput. Sci.},
  volume    = {196},
  year      = {2008},
  pages     = {137-151},
  ee        = {http://dx.doi.org/10.1016/j.entcs.2007.09.023},
  bibsource = {DBLP, http://dblp.uni-trier.de}
}


@inproceedings{Fulton+Mitsch+Quesel+Volp+Platzer:cade:2015,
  author    = {Nathan Fulton and
               Stefan Mitsch and
               Jan{-}David Quesel and
               Marcus V{\"{o}}lp and
               Andr{\'{e}} Platzer},
  title     = {KeYmaera {X:} An Axiomatic Tactical Theorem Prover for Hybrid Systems},
  pages     = {527--538},
  year      = {2015},
  crossref  = {DBLP:conf/cade/2015},
  url       = {http://dx.doi.org/10.1007/978-3-319-21401-6_36},
  doi       = {10.1007/978-3-319-21401-6_36},
  timestamp = {Fri, 31 Jul 2015 13:18:27 +0200},
  biburl    = {http://dblp.uni-trier.de/rec/bib/conf/cade/FultonMQVP15},
  bibsource = {dblp computer science bibliography, http://dblp.org}
}


@inproceedings{Basin+Howe:tacs:1991,
  author    = {David A. Basin and
               Douglas J. Howe},
  title     = {Some Normalization Properties of {M}artin-{L}{\"{o}}f's Type Theory,
               and Applications},
  pages     = {475--494},
  year      = {1991},
  crossref  = {DBLP:conf/tacs/1991},
  url       = {http://dx.doi.org/10.1007/3-540-54415-1_60},
  doi       = {10.1007/3-540-54415-1_60},
  timestamp = {Tue, 14 Jun 2011 20:35:50 +0200},
  biburl    = {http://dblp.uni-trier.de/rec/bib/conf/tacs/BasinH91},
  bibsource = {dblp computer science bibliography, http://dblp.org}
}


@article{Mann+Schmidt:iandc:2010,
  author    = {Matthias Mann and
               Manfred Schmidt{-}Schau{\ss}},
  title     = {Similarity implies equivalence in a class of non-deterministic call-by-need
               lambda calculi},
  journal   = {Inf. Comput.},
  volume    = {208},
  number    = {3},
  pages     = {276--291},
  year      = {2010},
  url       = {http://dx.doi.org/10.1016/j.ic.2009.11.003},
  doi       = {10.1016/j.ic.2009.11.003},
  timestamp = {Wed, 13 Jul 2011 13:55:44 +0200},
  biburl    = {http://dblp.uni-trier.de/rec/bib/journals/iandc/MannS10},
  bibsource = {dblp computer science bibliography, http://dblp.org}
}


@inproceedings{Lamport:hybrid:1992,
  author    = {Leslie Lamport},
  title     = {Hybrid Systems in {TLA}\({}^{\mbox{+}}\)},
  booktitle = {Hybrid Systems},
  pages     = {77--102},
  year      = {1992},
  crossref  = {DBLP:conf/hybrid/1992},
  url       = {http://dx.doi.org/10.1007/3-540-57318-6_25},
  doi       = {10.1007/3-540-57318-6_25},
  timestamp = {Tue, 14 Jun 2011 20:33:33 +0200},
  biburl    = {http://dblp.uni-trier.de/rec/bib/conf/hybrid/Lamport92},
  bibsource = {dblp computer science bibliography, http://dblp.org}
}


@inproceedings{Platzer:lics:2012,
  author    = {Andr{\'{e}} Platzer},
  title     = {Logics of Dynamical Systems},
  pages     = {13--24},
  year      = {2012},
  crossref  = {DBLP:conf/lics/2012},
  url       = {http://dx.doi.org/10.1109/LICS.2012.13},
  doi       = {10.1109/LICS.2012.13},
  timestamp = {Fri, 21 Nov 2014 14:08:56 +0100},
  biburl    = {http://dblp.uni-trier.de/rec/bib/conf/lics/Platzer12},
  bibsource = {dblp computer science bibliography, http://dblp.org}
}


@article{Platzer:jar:2008,
  author    = {Andr{\'{e}} Platzer},
  title     = {Differential Dynamic Logic for Hybrid Systems},
  journal   = {J. Autom. Reasoning},
  volume    = {41},
  number    = {2},
  pages     = {143--189},
  year      = {2008},
  url       = {http://dx.doi.org/10.1007/s10817-008-9103-8},
  doi       = {10.1007/s10817-008-9103-8},
  timestamp = {Tue, 25 Nov 2008 13:28:17 +0100},
  biburl    = {http://dblp.uni-trier.de/rec/bib/journals/jar/Platzer08},
  bibsource = {dblp computer science bibliography, http://dblp.org}
}


@inproceedings{Wadler:afp:1995,
  author    = {Philip Wadler},
  title     = {Monads for Functional Programming},
  pages     = {24--52},
  year      = {1995},
  crossref  = {DBLP:conf/afp/1995},
  url       = {http://dx.doi.org/10.1007/3-540-59451-5_2},
  doi       = {10.1007/3-540-59451-5_2},
  timestamp = {Tue, 14 Jun 2011 20:30:22 +0200},
  biburl    = {http://dblp.uni-trier.de/rec/bib/conf/afp/Wadler95},
  bibsource = {dblp computer science bibliography, http://dblp.org}
}


@inproceedings{Pitts:2001,
  author    = {Andrew M. Pitts},
  title     = {Nominal Logic: {A} First Order Theory of Names and Binding},
  pages     = {219--242},
  year      = {2001},
  crossref  = {DBLP:conf/tacs/2001},
  url       = {http://dx.doi.org/10.1007/3-540-45500-0_11},
  doi       = {10.1007/3-540-45500-0_11},
  timestamp = {Fri, 19 Jul 2013 09:37:21 +0200},
  biburl    = {http://dblp.uni-trier.de/rec/bib/conf/tacs/Pitts01},
  bibsource = {dblp computer science bibliography, http://dblp.org}
}




@inproceedings{DBLP:conf/tacas/Immler15,
  author    = {Fabian Immler},
  title     = {Verified Reachability Analysis of Continuous Systems},
  pages     = {37--51},
  year      = {2015},
  url       = {http://dx.doi.org/10.1007/978-3-662-46681-0_3},
  doi       = {10.1007/978-3-662-46681-0_3},
  timestamp = {Wed, 08 Apr 2015 11:31:07 +0200},
  biburl    = {http://dblp.uni-trier.de/rec/bib/conf/tacas/Immler15},
  bibsource = {dblp computer science bibliography, http://dblp.org}
}


@inproceedings{Lin+Mitra:lctrts:2015,
  author    = {Yixiao Lin and
               Sayan Mitra},
  title     = {StarL: Towards a Unified Framework for Programming, Simulating and
               Verifying Distributed Robotic Systems},
  pages     = {9:1--9:10},
  year      = {2015},
  crossref  = {DBLP:conf/lctrts/2015},
  url       = {http://doi.acm.org/10.1145/2670529.2754966},
  doi       = {10.1145/2670529.2754966},
  timestamp = {Tue, 30 Jun 2015 16:34:09 +0200},
  biburl    = {http://dblp.uni-trier.de/rec/bib/conf/lctrts/LinM15},
  bibsource = {dblp computer science bibliography, http://dblp.org}
}


@article{Kaliszyk+OConnor:jfrea2009,
  author    = {Cezary Kaliszyk and
               Russell O'Connor},
  title     = {Computing with Classical Real Numbers},
  journal   = {J. Formalized Reasoning},
  volume    = {2},
  number    = {1},
  pages     = {27--39},
  year      = {2009},
  url       = {http://dx.doi.org/10.6092/issn.1972-5787/1411},
  doi       = {10.6092/issn.1972-5787/1411},
  timestamp = {Mon, 13 Jan 2014 12:51:50 +0100},
  biburl    = {http://dblp.uni-trier.de/rec/bib/journals/jfrea/KaliszykO09},
  bibsource = {dblp computer science bibliography, http://dblp.org}
}


@online{BFTSMART,
  key          = {BFTSMARTWEBSITE},
  title        = {{BFT-SMaRt}},
  url          = {http://bft-smart.github.io/library/}
}


@online{MIRAGEOS,
  key          = {MIRAGEOSWEBSITE},
  title        = {{MirageOS}},
  url          = {https://mirage.io/}
}


@online{XEN,
  key          = {XENWEBSITE},
  title        = {{Xen}},
  url          = {http://www.xenproject.org/}
}


@misc{COQ,
  title        = {{C}oq {P}roof {A}ssistant},
  url          = {http://coq.inria.fr/},
  year         = {1989},
  note         = {Accessed: 2016-11-28}
}




@online{OCAML,
  key          = {OCAMLWEBSITE},
  title        = {The {OCaml} programming language},
  url          = {https://ocaml.org}
}


@online{MINIOS,
  key          = {MINIOSWEBSITE},
  title        = {{Mini-OS}},
  url          = {http://wiki.xenproject.org/wiki/Mini-OS}
}


@online{VERDI,
  key          = {VERDIWEBSITE},
  title        = {{Verdi}},
  url          = {http://verdi.uwplse.org/}
}


@online{WHY3,
  key          = {WHY3WEBSITE},
  title        = {{Why3}},
  url          = {http://why3.lri.fr/}
}


@online{L4FIASCO,
  key          = {l4FIASCOWEBSITE},
  title        = {{Fiasco}},
  url          = {https://os.inf.tu-dresden.de/fiasco/}
}


@online{COQUELICOT,
  key          = {COQUELICOTWEBSITE},
  title        = {{Coquelicot}},
  url          = {http://coquelicot.saclay.inria.fr/}
}


@online{KEYMAERA,
  key          = {KEYMAERAGITHUB},
  title        = {{KeYmaera release}},
  url          = {https://github.com/LS-Lab/KeYmaeraX-release/}
}


@online{DDLDRESDEN,
  key          = {DDLDRESDEN},
  title        = {{DDL Dresden University}},
  url          = {http://www.inf.tu-dresden.de/index.php?node_id=3682&ln=de}
}


@online{VERIDRONE,
  key          = {VERIDRONEWEBSITE},
  title        = {{VeriDrone}},
  url          = {http://ucsd-pl.github.io/veridrone/}
}


@online{GENERALLEIBNIZ,
  key          = {GENERALLEIBNIZ},
  title        = {{GeneralLeibnizRule}},
  url          = {https://en.wikipedia.org/wiki/General_Leibniz_rule}
}


@online{DDLINCOQ,
  key          = {DDLINCOQ},
  title        = {{DDL in Coq}},
  url          = {https://github.com/dricketts/dL/blob/master/theories/dL.v}
}


@online{VERIDRONEsoscyps16,
  key          = {VERIDRONE},
  title        = {{VeriDRone SoSCYPS'16}},
  url          = {https://gmalecha.github.io/publications/files/soscyps16.pdf}
}
@book{Bertot+Casteran:2004,
  author       = {Yves Bertot and
                  Pierre Casteran},
  title        = {Interactive Theorem Proving and Program Development},
  year         = {2004},
  isbn         = {3540208542},
  publisher    = {SpringerVerlag},
  note         = {\url{http://www.labri.fr/perso/casteran/CoqArt}}
} 


@book{Constable+al:1986,
  author       = {R.L. Constable and
                  S.F. Allen and
                  H.M. Bromley and
                  W.R. Cleaveland and
                  J.F. Cremer and
                  R.W. Harper and
                  D.J. Howe and
                  T.B. Knoblock and
                  N.P. Mendler and
                  P.Panangaden and
                  J.T. Sasaki and
                  S.F. Smith},
  title        = {Implementing mathematics with the {N}uprl proof development system},
  year         = {1986},
  isbn         = {0-13-451832-2},
  publisher    = {Prentice-Hall, Inc.},
  address      = {Upper Saddle River, NJ, USA},
} 


@book{Paulson:1994,
  author       = {Lawrence C. Paulson},
  title        = {Isabelle - A Generic Theorem Prover (with a contribution by T. Nipkow)},
  publisher    = {Springer},
  series       = LNCS,
  volume       = {828},
  year         = {1994},
  isbn         = {3-540-58244-4},
  ee           = {http://dx.doi.org/10.1007/BFb0030541},
  bibsource    = {DBLP, http://dblp.uni-trier.de}
}



@phdthesis{Mitra:phd:2007,
  author = {Sayan Mitra},
  title  = {A Verification Framework for Hybrid Systems},
  school = {Massachusetts Institute of Technology},
  year   = {2007},
  url    = {http://dspace.mit.edu/handle/1721.1/42238}
}

@unpublished{Cohen:2010,
  TITLE       = {{Formalizing real analysis for polynomials}},
  AUTHOR      = {Cohen, Cyril},
  URL         = {https://hal.inria.fr/inria-00545778},
  NOTE        = {working paper or preprint},
  YEAR        = {2010},
  MONTH       = Dec,
  PDF         = {https://hal.inria.fr/inria-00545778/file/main.pdf},
  HAL_ID      = {inria-00545778},
  HAL_VERSION = {v1},
}

@unpublished{Hur:2010,
  author = {Chung-Kil Hur},
  title  = {{Heq}: a {Coq} library for heterogeneous equality},
  note   = {Presented at the 2nd Coq Workshop},
  year   = {2010},
  url    = {http://www.mpi-sws.org/~gil/Heq/}
}

@string{LNCS = {LNCS}}
@string{LNCS = {LNCS}}


@string{ASPLOS2013 = {Architectural Support for Programming Languages and Operating Systems,
               {ASPLOS} '13, Houston, TX, {USA} - March 16 - 20, 2013}}
@string{ASPLOS2013 = {{ASPLOS} '13}}

@proceedings{DBLP:conf/asplos/2013,
  editor    = {Vivek Sarkar and
               Rastislav Bod{\'{\i}}k},
  booktitle = ASPLOS2013,
  title     = ASPLOS2013,
  publisher = {{ACM}},
  year      = {2013},
  url       = {http://dl.acm.org/citation.cfm?id=2451116},
  isbn      = {978-1-4503-1870-9},
  timestamp = {Sat, 16 Mar 2013 16:11:20 +0100},
  biburl    = {http://dblp.uni-trier.de/rec/bib/conf/asplos/2013},
  bibsource = {dblp computer science bibliography, http://dblp.org}
}


@proceedings{DBLP:conf/pldi/2015,
  editor    = {David Grove and
               Steve Blackburn},
  title     = {Proceedings of the 36th {ACM} {SIGPLAN} Conference on Programming
               Language Design and Implementation, Portland, OR, USA, June 15-17,
               2015},
  publisher = {{ACM}},
  year      = {2015},
  url       = {http://dl.acm.org/citation.cfm?id=2737924},
  isbn      = {978-1-4503-3468-6},
  timestamp = {Fri, 05 Jun 2015 07:23:07 +0200},
  biburl    = {http://dblp.uni-trier.de/rec/bib/conf/pldi/2015},
  bibsource = {dblp computer science bibliography, http://dblp.org}
}


@proceedings{DBLP:conf/edcc/2012,
  editor    = {Cristian Constantinescu and
               Miguel P. Correia},
  title     = {2012 Ninth European Dependable Computing Conference, Sibiu, Romania,
               May 8-11, 2012},
  publisher = {{IEEE} Comp. Soc.},
  year      = {2012},
  url       = {http://ieeexplore.ieee.org/xpl/mostRecentIssue.jsp?punumber=6214741},
  isbn      = {978-1-4673-0938-7},
  timestamp = {Fri, 27 Mar 2015 16:11:17 +0100},
  biburl    = {http://dblp.uni-trier.de/rec/bib/conf/edcc/2012},
  bibsource = {dblp computer science bibliography, http://dblp.org}
}


@string{DSN2014 = {44th Annual {IEEE/IFIP} International Conference on Dependable Systems
               and Networks, {DSN} 2014, Atlanta, GA, USA, June 23-26, 2014}}
@string{DSN2014 = {{DSN} 2014}}

@proceedings{DBLP:conf/dsn/2014,
  booktitle = DSN2014,
  title     = DSN2014,
  publisher = {{IEEE}},
  year      = {2014},
  url       = {http://ieeexplore.ieee.org/xpl/mostRecentIssue.jsp?punumber=6900116},
  timestamp = {Thu, 25 Sep 2014 19:46:50 +0200},
  biburl    = {http://dblp.uni-trier.de/rec/bib/conf/dsn/2014},
  bibsource = {dblp computer science bibliography, http://dblp.org}
}


@proceedings{DBLP:conf/wdag/2011,
  editor    = {David Peleg},
  title     = {Distributed Computing - 25th International Symposium, {DISC} 2011,
               Rome, Italy, September 20-22, 2011. Proceedings},
  series    = LNCS,
  volume    = {6950},
  publisher = {Springer},
  year      = {2011},
  url       = {http://dx.doi.org/10.1007/978-3-642-24100-0},
  doi       = {10.1007/978-3-642-24100-0},
  isbn      = {978-3-642-24099-7},
  timestamp = {Thu, 20 Oct 2011 19:02:22 +0200},
  biburl    = {http://dblp.uni-trier.de/rec/bib/conf/wdag/2011},
  bibsource = {dblp computer science bibliography, http://dblp.org}
}


@proceedings{DBLP:conf/opodis/2002,
  editor    = {Alain Bui and
               Hac{\`{e}}ne Fouchal},
  title     = {Procedings of the 6th International Conference on Principles of Distributed
               Systems. {OPODIS} 2002, Reims, France, December 11-13, 2002},
  series    = {Studia Informatica Universalis},
  volume    = {3},
  publisher = {Suger, Saint-Denis, rue Catulienne, France},
  year      = {2002},
  isbn      = {2-912590-26-4},
  timestamp = {Tue, 20 Jan 2004 14:15:23 +0100},
  biburl    = {http://dblp.uni-trier.de/rec/bib/conf/opodis/2002},
  bibsource = {dblp computer science bibliography, http://dblp.org}
}


@proceedings{DBLP:conf/sosp/1987,
  editor    = {Les Belady},
  title     = {Proceedings of the Eleventh {ACM} Symposium on Operating System Principles,
               {SOSP} 1987, Stouffer Austin Hotel, Austin, Texas, USA, November 8-11,
               1987},
  publisher = {{ACM}},
  year      = {1987},
  url       = {http://doi.acm.org/10.1145/41457},
  doi       = {10.1145/41457},
  isbn      = {0-89791-242-X},
  timestamp = {Mon, 22 Jun 2015 17:24:48 +0200},
  biburl    = {http://dblp.uni-trier.de/rec/bib/conf/sosp/1987},
  bibsource = {dblp computer science bibliography, http://dblp.org}
}


@proceedings{DBLP:conf/replication/2010,
  editor    = {Bernadette Charron{-}Bost and
               Fernando Pedone and
               Andr{\'{e}} Schiper},
  title     = {Replication: Theory and Practice},
  series    = LNCS,
  volume    = {5959},
  publisher = {Springer},
  year      = {2010},
  url       = {http://dx.doi.org/10.1007/978-3-642-11294-2},
  doi       = {10.1007/978-3-642-11294-2},
  isbn      = {978-3-642-11293-5},
  timestamp = {Tue, 14 Sep 2010 08:36:07 +0200},
  biburl    = {http://dblp.uni-trier.de/rec/bib/conf/replication/2010},
  bibsource = {dblp computer science bibliography, http://dblp.org}
}


@string{USENIXATC2014 = {2014 {USENIX} Annual Technical Conference, {USENIX} {ATC} '14, Philadelphia,
               PA, USA, June 19-20, 2014}}
@string{USENIXATC2014 = {{USENIX} {ATC} '14}}

@proceedings{DBLP:conf/usenix/2014,
  editor    = {Garth Gibson and
               Nickolai Zeldovich},
  title     = USENIXATC2014,
  booktitle = USENIXATC2014,
  publisher = {{USENIX} Association},
  year      = {2014},
  url       = {https://www.usenix.org/conference/atc14},
  timestamp = {Wed, 10 Sep 2014 16:41:04 +0200},
  biburl    = {http://dblp.uni-trier.de/rec/bib/conf/usenix/2014},
  bibsource = {dblp computer science bibliography, http://dblp.org}
}


@proceedings{DBLP:conf/osdi/2014,
  editor    = {Jason Flinn and
               Hank Levy},
  title     = {11th {USENIX} Symposium on Operating Systems Design and Implementation,
               {OSDI} '14, Broomfield, CO, USA, October 6-8, 2014},
  publisher = {{USENIX} Association},
  year      = {2014},
  url       = {https://www.usenix.org/conference/osdi14},
  timestamp = {Tue, 18 Nov 2014 17:19:16 +0100},
  biburl    = {http://dblp.uni-trier.de/rec/bib/conf/osdi/2014},
  bibsource = {dblp computer science bibliography, http://dblp.org}
}


@proceedings{DBLP:conf/sosp/2015,
  editor    = {Ethan L. Miller and
               Steven Hand},
  title     = {Proceedings of the 25th Symposium on Operating Systems Principles,
               {SOSP} 2015, Monterey, CA, USA, October 4-7, 2015},
  publisher = {{ACM}},
  year      = {2015},
  url       = {http://dl.acm.org/citation.cfm?id=2815400},
  isbn      = {978-1-4503-3834-9},
  timestamp = {Fri, 02 Oct 2015 08:56:57 +0200},
  biburl    = {http://dblp.uni-trier.de/rec/bib/conf/sosp/2015},
  bibsource = {dblp computer science bibliography, http://dblp.org}
}


@proceedings{DBLP:conf/sosp/2007,
  editor    = {Thomas C. Bressoud and
               M. Frans Kaashoek},
  title     = {Proceedings of the 21st {ACM} Symposium on Operating Systems Principles
               2007, {SOSP} 2007, Stevenson, Washington, USA, October 14-17, 2007},
  publisher = {{ACM}},
  year      = {2007},
  url       = {http://doi.acm.org/10.1145/1294261},
  doi       = {10.1145/1294261},
  isbn      = {978-1-59593-591-5},
  timestamp = {Mon, 22 Jun 2015 17:24:47 +0200},
  biburl    = {http://dblp.uni-trier.de/rec/bib/conf/sosp/2007},
  bibsource = {dblp computer science bibliography, http://dblp.org}
}


@proceedings{DBLP:conf/opodis/2007,
  editor    = {Eduardo Tovar and
               Philippas Tsigas and
               Hac{\`{e}}ne Fouchal},
  title     = {Principles of Distributed Systems, 11th International Conference,
               {OPODIS} 2007, Guadeloupe, French West Indies, December 17-20, 2007.
               Proceedings},
  series    = LNCS,
  volume    = {4878},
  publisher = {Springer},
  year      = {2007},
  isbn      = {978-3-540-77095-4},
  timestamp = {Tue, 13 May 2008 13:51:58 +0200},
  biburl    = {http://dblp.uni-trier.de/rec/bib/conf/opodis/2007},
  bibsource = {dblp computer science bibliography, http://dblp.org}
}


@proceedings{DBLP:conf/opodis/2009,
  editor    = {Tarek F. Abdelzaher and
               Michel Raynal and
               Nicola Santoro},
  title     = {Principles of Distributed Systems, 13th International Conference,
               {OPODIS} 2009, N{\^{\i}}mes, France, December 15-18, 2009. Proceedings},
  series    = LNCS,
  volume    = {5923},
  publisher = {Springer},
  year      = {2009},
  url       = {http://dx.doi.org/10.1007/978-3-642-10877-8},
  doi       = {10.1007/978-3-642-10877-8},
  isbn      = {978-3-642-10876-1},
  timestamp = {Mon, 07 Dec 2009 19:11:54 +0100},
  biburl    = {http://dblp.uni-trier.de/rec/bib/conf/opodis/2009},
  bibsource = {dblp computer science bibliography, http://dblp.org}
}


@proceedings{DBLP:conf/nsdi/2008,
  editor    = {Jon Crowcroft and
               Michael Dahlin},
  title     = {5th {USENIX} Symposium on Networked Systems Design {\&} Implementation,
               {NSDI} 2008, April 16-18, 2008, San Francisco, CA, USA, Proceedings},
  publisher = {{USENIX} Association},
  year      = {2008},
  url       = {https://www.usenix.org/publications/proceedings/?f[0]=im_group_audience%3A92},
  isbn      = {978-1-931971-58-4},
  timestamp = {Thu, 15 May 2014 19:24:03 +0200},
  biburl    = {http://dblp.uni-trier.de/rec/bib/conf/nsdi/2008},
  bibsource = {dblp computer science bibliography, http://dblp.org}
}


@string{EUROSYS2012 = {European Conference on Computer Systems, Proceedings of the Seventh
               EuroSys Conference 2012, EuroSys '12, Bern, Switzerland, April 10-13,
               2012}}
@string{EUROSYS2012 = {{EuroSys} '12}}

@proceedings{DBLP:conf/eurosys/2012,
  editor    = {Pascal Felber and
               Frank Bellosa and
               Herbert Bos},
  booktitle = EUROSYS2012,
  title     = EUROSYS2012,
  publisher = {{ACM}},
  year      = {2012},
  url       = {http://dl.acm.org/citation.cfm?id=2168836},
  isbn      = {978-1-4503-1223-3},
  timestamp = {Thu, 19 Apr 2012 14:53:36 +0200},
  biburl    = {http://dblp.uni-trier.de/rec/bib/conf/eurosys/2012},
  bibsource = {dblp computer science bibliography, http://dblp.org}
}


@proceedings{DBLP:conf/eurosys/2010,
  editor    = {Christine Morin and
               Gilles Muller},
  title     = {European Conference on Computer Systems, Proceedings of the 5th European
               conference on Computer systems, EuroSys 2010, Paris, France, April
               13-16, 2010},
  publisher = {{ACM}},
  year      = {2010},
  isbn      = {978-1-60558-577-2},
  timestamp = {Tue, 25 Jan 2011 16:00:02 +0100},
  biburl    = {http://dblp.uni-trier.de/rec/bib/conf/eurosys/2010},
  bibsource = {dblp computer science bibliography, http://dblp.org}
}


@string{OSDI1999 = {Proceedings of the Third {USENIX} Symposium on Operating Systems Design
               and Implementation (OSDI), New Orleans, Louisiana, USA, February 22-25,
               1999}}
@string{OSDI1999 = {{OSDI} 1999}}

@proceedings{DBLP:conf/osdi/1999,
  editor    = {Margo I. Seltzer and
               Paul J. Leach},
  booktitle = OSDI1999,
  title     = OSDI1999,
  publisher = {{USENIX} Association},
  year      = {1999},
  url       = {https://www.usenix.org/publications/proceedings/?f[0]=im_group_audience%3A228},
  isbn      = {1-880446-39-1},
  timestamp = {Thu, 15 May 2014 18:36:23 +0200},
  biburl    = {http://dblp.uni-trier.de/rec/bib/conf/osdi/1999},
  bibsource = {dblp computer science bibliography, http://dblp.org}
}


@proceedings{DBLP:conf/srds/2002,
  title     = {21st Symposium on Reliable Distributed Systems {(SRDS} 2002), 13-16
               October 2002, Osaka, Japan},
  publisher = {{IEEE} Comp. Soc.},
  year      = {2002},
  url       = {http://ieeexplore.ieee.org/xpl/mostRecentIssue.jsp?punumber=8406},
  isbn      = {0-7695-1659-9},
  timestamp = {Fri, 09 Jan 2015 14:54:28 +0100},
  biburl    = {http://dblp.uni-trier.de/rec/bib/conf/srds/2002},
  bibsource = {dblp computer science bibliography, http://dblp.org}
}


@proceedings{DBLP:conf/wiopt/2009,
  editor    = {Song Chong and
               Wan Choi},
  title     = {7th International Symposium on Modeling and Optimization in Mobile,
               Ad Hoc, and Wireless Networks, WiOpt 2009, Seoul, Korea, June 23-27,
               2009},
  publisher = {{IEEE}},
  year      = {2009},
  url       = {http://ieeexplore.ieee.org/xpl/mostRecentIssue.jsp?punumber=5286911},
  isbn      = {978-1-4244-4919-4},
  timestamp = {Mon, 23 Mar 2015 18:29:28 +0100},
  biburl    = {http://dblp.uni-trier.de/rec/bib/conf/wiopt/2009},
  bibsource = {dblp computer science bibliography, http://dblp.org}
}


@proceedings{DBLP:conf/dsn/2005,
  title     = {2005 International Conference on Dependable Systems and Networks {(DSN}
               2005), 28 June - 1 July 2005, Yokohama, Japan, Proceedings},
  publisher = {{IEEE} Comp. Soc.},
  year      = {2005},
  isbn      = {0-7695-2282-3},
  timestamp = {Mon, 01 Aug 2005 15:37:40 +0200},
  biburl    = {http://dblp.uni-trier.de/rec/bib/conf/dsn/2005},
  bibsource = {dblp computer science bibliography, http://dblp.org}
}


@proceedings{DBLP:conf/hotdep/2014,
  editor    = {Flavio Junqueira and
               Keith Marzullo},
  title     = {10th Workshop on Hot Topics in System Dependability, HotDep '14, Broomfield,
               CO, USA, October 5, 2014},
  publisher = {{USENIX} Association},
  year      = {2014},
  url       = {http://blogs.usenix.org/conference/hotdep14},
  timestamp = {Tue, 18 Nov 2014 17:17:57 +0100},
  biburl    = {http://dblp.uni-trier.de/rec/bib/conf/hotdep/2014},
  bibsource = {dblp computer science bibliography, http://dblp.org}
}


@proceedings{DBLP:conf/podc/1988,
  editor    = {Danny Dolev},
  title     = {Proceedings of the Seventh Annual {ACM} Symposium on Principles of
               Distributed Computing, Toronto, Ontario, Canada, August 15-17, 1988},
  publisher = {{ACM}},
  year      = {1988},
  url       = {http://dl.acm.org/citation.cfm?id=62546},
  isbn      = {0-89791-277-2},
  timestamp = {Wed, 23 May 2012 14:26:11 +0200},
  biburl    = {http://dblp.uni-trier.de/rec/bib/conf/podc/1988},
  bibsource = {dblp computer science bibliography, http://dblp.org}
}


@proceedings{DBLP:conf/icdcs/2014,
  title     = {{IEEE} 34th International Conference on Distributed Computing Systems,
               {ICDCS} 2014, Madrid, Spain, June 30 - July 3, 2014},
  publisher = {{IEEE} Comp. Soc.},
  year      = {2014},
  url       = {http://ieeexplore.ieee.org/xpl/mostRecentIssue.jsp?punumber=6888815},
  isbn      = {978-1-4799-5168-0},
  timestamp = {Thu, 11 Dec 2014 17:34:04 +0100},
  biburl    = {http://dblp.uni-trier.de/rec/bib/conf/icdcs/2014},
  bibsource = {dblp computer science bibliography, http://dblp.org}
}


@string{USENIXSECURITY2015 = {24th {USENIX} Security Symposium, {USENIX} Security 15, Washington,
               D.C., USA, August 12-14, 2015}}
@string{USENIXSECURITY2015 = {{USENIX} Security 15}}

@proceedings{DBLP:conf/uss/2015,
  editor    = {Jaeyeon Jung and
               Thorsten Holz},
  booktitle = USENIXSECURITY2015,
  title     = USENIXSECURITY2015,
  publisher = {{USENIX} Association},
  year      = {2015},
  url       = {https://www.usenix.org/conference/usenixsecurity15},
  timestamp = {Thu, 20 Aug 2015 14:06:34 +0200},
  biburl    = {http://dblp.uni-trier.de/rec/bib/conf/uss/2015},
  bibsource = {dblp computer science bibliography, http://dblp.org}
}


@string{NFM2012 = {{NASA} Formal Methods - 4th International Symposium, {NFM} 2012, Norfolk,
               VA, USA, April 3-5, 2012. Proceedings}}
@string{NFM2012 = {{NFM} 2012}}

@proceedings{DBLP:conf/nfm/2012,
  editor    = {Alwyn Goodloe and
               Suzette Person},
  booktitle = NFM2012,
  title     = NFM2012,
  series    = LNCS,
  volume    = {7226},
  publisher = {Springer},
  year      = {2012},
  url       = {http://dx.doi.org/10.1007/978-3-642-28891-3},
  doi       = {10.1007/978-3-642-28891-3},
  isbn      = {978-3-642-28890-6},
  timestamp = {Mon, 16 Apr 2012 08:41:41 +0200},
  biburl    = {http://dblp.uni-trier.de/rec/bib/conf/nfm/2012},
  bibsource = {dblp computer science bibliography, http://dblp.org}
}


@string{POPL2006 = {Proceedings of the 33rd {ACM} {SIGPLAN-SIGACT} Symposium on Principles
               of Programming Languages, {POPL} 2006, Charleston, South Carolina,
               USA, January 11-13, 2006}}
@string{POPL2006 = {{POPL} 2006}}

@proceedings{DBLP:conf/popl/2006,
  editor    = {J. Gregory Morrisett and
               Simon L. Peyton Jones},
  booktitle = POPL2006,
  title     = POPL2006,
  publisher = {{ACM}},
  year      = {2006},
  url       = {http://dl.acm.org/citation.cfm?id=1111037},
  isbn      = {1-59593-027-2},
  timestamp = {Tue, 22 May 2012 15:24:56 +0200},
  biburl    = {http://dblp.uni-trier.de/rec/bib/conf/popl/2006},
  bibsource = {dblp computer science bibliography, http://dblp.org}
}


@proceedings{DBLP:conf/pldi/2011,
  editor    = {Mary W. Hall and
               David A. Padua},
  title     = {Proceedings of the 32nd {ACM} {SIGPLAN} Conference on Programming
               Language Design and Implementation, {PLDI} 2011, San Jose, CA, USA,
               June 4-8, 2011},
  publisher = {{ACM}},
  year      = {2011},
  isbn      = {978-1-4503-0663-8},
  timestamp = {Tue, 07 Jun 2011 16:07:38 +0200},
  biburl    = {http://dblp.uni-trier.de/rec/bib/conf/pldi/2011},
  bibsource = {dblp computer science bibliography, http://dblp.org}
}


@proceedings{DBLP:conf/fm/2006,
  editor    = {Jayadev Misra and
               Tobias Nipkow and
               Emil Sekerinski},
  title     = {{FM} 2006: Formal Methods, 14th International Symposium on Formal
               Methods, Hamilton, Canada, August 21-27, 2006, Proceedings},
  series    = LNCS,
  volume    = {4085},
  publisher = {Springer},
  year      = {2006},
  isbn      = {3-540-37215-6},
  timestamp = {Tue, 22 Aug 2006 14:47:47 +0200},
  biburl    = {http://dblp.uni-trier.de/rec/bib/conf/fm/2006},
  bibsource = {dblp computer science bibliography, http://dblp.org}
}


@proceedings{DBLP:conf/middleware/2014,
  editor    = {Laurent R{\'{e}}veill{\`{e}}re and
               Lucy Cherkasova and
               Fran{\c{c}}ois Ta{\"{\i}}ani},
  title     = {Proceedings of the 15th International Middleware Conference, Bordeaux,
               France, December 8-12, 2014},
  publisher = {{ACM}},
  year      = {2014},
  url       = {http://dl.acm.org/citation.cfm?id=2663165},
  isbn      = {978-1-4503-2785-5},
  timestamp = {Wed, 22 Apr 2015 16:41:57 +0200},
  biburl    = {http://dblp.uni-trier.de/rec/bib/conf/middleware/2014},
  bibsource = {dblp computer science bibliography, http://dblp.org}
}


@string{SOSP2009 = {Proceedings of the 22nd ACM Symposium on Operating Systems
               Principles 2009, SOSP 2009, Big Sky, Montana, USA, October
               11-14, 2009}}
@string{SOSP2009 = {{SOSP} 2009}}

@proceedings{DBLP:conf/sosp/2009,
  editor    = {Jeanna Neefe Matthews and
               Thomas E. Anderson},
  title     = SOSP2009,
  booktitle = SOSP2009,
  publisher = {ACM},
  year      = {2009},
  isbn      = {978-1-60558-752-3},
  bibsource = {DBLP, http://dblp.uni-trier.de}
}


@string{SP2013 = {2013 {IEEE} Symposium on Security and Privacy, {SP} 2013, Berkeley,
               CA, USA, May 19-22, 2013}}
@string{SP2013 = {{SP} 2013}}

@proceedings{DBLP:conf/sp/2013,
  booktitle = SP2013,
  title     = SP2013,
  publisher = {{IEEE} Comp. Soc.},
  year      = {2013},
  url       = {http://ieeexplore.ieee.org/xpl/mostRecentIssue.jsp?punumber=6547086},
  isbn      = {978-1-4673-6166-8},
  timestamp = {Thu, 08 Jan 2015 16:59:44 +0100},
  biburl    = {http://dblp.uni-trier.de/rec/bib/conf/sp/2013},
  bibsource = {dblp computer science bibliography, http://dblp.org}
}


@string{ESOP2011 = {Programming Languages and Systems - 20th European Symposium on Programming,
               {ESOP} 2011, Held as Part of the Joint European Conferences on Theory
               and Practice of Software, {ETAPS} 2011, Saarbr{\"{u}}cken, Germany,
               March 26-April 3, 2011. Proceedings}}
@string{ESOP2011 = {{ESOP} 2011}}

@proceedings{DBLP:conf/esop/2011,
  editor    = {Gilles Barthe},
  booktitle = ESOP2011,
  title     = ESOP2011,
  series    = LNCS,
  volume    = {6602},
  publisher = {Springer},
  year      = {2011},
  url       = {http://dx.doi.org/10.1007/978-3-642-19718-5},
  doi       = {10.1007/978-3-642-19718-5},
  isbn      = {978-3-642-19717-8},
  timestamp = {Tue, 22 Mar 2011 10:06:59 +0100},
  biburl    = {http://dblp.uni-trier.de/rec/bib/conf/esop/2011},
  bibsource = {dblp computer science bibliography, http://dblp.org}
}


@string{AMC2015 = {Proceedings of the 16th Annual Middleware Conference, Vancouver, BC,
               Canada, December 07 - 11, 2015}}
@string{AMC2015 = {16th Annual Middleware Conference}}

@proceedings{DBLP:conf/middleware/2015,
  editor    = {Rodger Lea and
               Sathish Gopalakrishnan and
               Eli Tilevich and
               Amy L. Murphy and
               Michael Blackstock},
  booktitle = AMC2015,
  title     = AMC2015,
  publisher = {{ACM}},
  year      = {2015},
  url       = {http://dl.acm.org/citation.cfm?id=2814576},
  isbn      = {978-1-4503-3618-5},
  timestamp = {Tue, 19 Jan 2016 12:41:48 +0100},
  biburl    = {http://dblp.uni-trier.de/rec/bib/conf/middleware/2015},
  bibsource = {dblp computer science bibliography, http://dblp.org}
}


@string{LICS2002 = {17th {IEEE} Symposium on Logic in Computer Science {(LICS} 2002),
               22-25 July 2002, Copenhagen, Denmark, Proceedings}}
@string{LICS2002 = {{LICS} 2002}}

@proceedings{DBLP:conf/lics/2002,
  booktitle = LICS2002,
  title     = LICS2002,
  publisher = {{IEEE} Comp. Soc.},
  year      = {2002},
  url       = {http://ieeexplore.ieee.org/xpl/mostRecentIssue.jsp?punumber=8005},
  isbn      = {0-7695-1483-9},
  timestamp = {Fri, 21 Nov 2014 14:08:56 +0100},
  biburl    = {http://dblp.uni-trier.de/rec/bib/conf/lics/2002},
  bibsource = {dblp computer science bibliography, http://dblp.org}
}


@string{POPL2001 = {Conference Record of {POPL} 2001: The 28th {ACM} {SIGPLAN-SIGACT}
               Symposium on Principles of Programming Languages, London, UK, January
               17-19, 2001}}
@string{POPL2001 = {{POPL} 2001}}

@proceedings{DBLP:conf/popl/2001,
  editor    = {Chris Hankin and
               Dave Schmidt},
  booktitle = POPL2001,
  title     = POPL2001,
  publisher = {{ACM}},
  year      = {2001},
  url       = {http://dl.acm.org/citation.cfm?id=360204},
  isbn      = {1-58113-336-7},
  timestamp = {Mon, 18 Mar 2013 08:39:18 +0100},
  biburl    = {http://dblp.uni-trier.de/rec/bib/conf/popl/2001},
  bibsource = {dblp computer science bibliography, http://dblp.org}
}


@string{CSL2001 = {Computer Science Logic, 15th International Workshop, {CSL} 2001. 10th
               Annual Conference of the EACSL, Paris, France, September 10-13, 2001,
               Proceedings}}
@string{CSL2001 = {{CSL} 2001}}



@string{OOPSLA2013 = {Proceedings of the 2013 {ACM} {SIGPLAN} International Conference on
               Object Oriented Programming Systems Languages {\&} Applications,
               {OOPSLA} 2013, part of {SPLASH} 2013, Indianapolis, IN, USA, October
               26-31, 2013}}
@string{OOPSLA2013 = {{OOPSLA} 2013}}

@proceedings{DBLP:conf/oopsla/2013,
  editor    = {Antony L. Hosking and
               Patrick Th. Eugster and
               Cristina V. Lopes},
  booktitle = OOPSLA2013,
  title     = OOPSLA2013,
  publisher = {{ACM}},
  year      = {2013},
  url       = {http://dl.acm.org/citation.cfm?id=2509136},
  isbn      = {978-1-4503-2374-1},
  timestamp = {Fri, 25 Oct 2013 08:46:20 +0200},
  biburl    = {http://dblp.uni-trier.de/rec/bib/conf/oopsla/2013},
  bibsource = {dblp computer science bibliography, http://dblp.org}
}


@book{DBLP:series/lncs/7850,
  editor    = {Dave Clarke and
               James Noble and
               Tobias Wrigstad},
  title     = {Aliasing in Object-Oriented Programming. Types, Analysis and Verification},
  booktitle = {Aliasing in Object-Oriented Programming},
  series    = LNCS,
  volume    = {7850},
  publisher = {Springer},
  year      = {2013},
  url       = {http://dx.doi.org/10.1007/978-3-642-36946-9},
  doi       = {10.1007/978-3-642-36946-9},
  isbn      = {978-3-642-36945-2},
  timestamp = {Tue, 10 Sep 2013 10:31:30 +0200},
  biburl    = {http://dblp.uni-trier.de/rec/bib/series/lncs/7850},
  bibsource = {dblp computer science bibliography, http://dblp.org}
}


@string{CSL2014 = {Joint Meeting of the Twenty-Third {EACSL} Annual Conference on Computer
               Science Logic {(CSL)} and the Twenty-Ninth Annual {ACM/IEEE} Symposium
               on Logic in Computer Science (LICS), {CSL-LICS} '14, Vienna, Austria,
               July 14 - 18, 2014}}
@string{CSL2014 = {{CSL} 2014}}

@proceedings{DBLP:conf/csl/2014,
  editor    = {Thomas A. Henzinger and
               Dale Miller},
  booktitle = CSL2014,
  title     = CSL2014,
  publisher = {{ACM}},
  year      = {2014},
  url       = {http://dl.acm.org/citation.cfm?id=2603088},
  isbn      = {978-1-4503-2886-9},
  timestamp = {Fri, 12 Sep 2014 15:21:24 +0200},
  biburl    = {http://dblp.uni-trier.de/rec/bib/conf/csl/2014},
  bibsource = {dblp computer science bibliography, http://dblp.org}
}


@string{APLAS2012 = {Programming Languages and Systems - 10th Asian Symposium, {APLAS}
               2012, Kyoto, Japan, December 11-13, 2012. Proceedings}}
@string{APLAS2012 = {{APLAS} 2012}}

@proceedings{DBLP:conf/aplas/2012,
  editor    = {Ranjit Jhala and
               Atsushi Igarashi},
  booktitle = APLAS2012,
  title     = APLAS2012,
  series    = LNCS,
  volume    = {7705},
  publisher = {Springer},
  year      = {2012},
  url       = {http://dx.doi.org/10.1007/978-3-642-35182-2},
  doi       = {10.1007/978-3-642-35182-2},
  isbn      = {978-3-642-35181-5},
  timestamp = {Mon, 04 Feb 2013 12:42:59 +0100},
  biburl    = {http://dblp.uni-trier.de/rec/bib/conf/aplas/2012},
  bibsource = {dblp computer science bibliography, http://dblp.org}
}


@string{ESOP2007 = {Programming Languages and Systems, 16th European Symposium on Programming,
               {ESOP} 2007, Held as Part of the Joint European Conferences on Theory
               and Practics of Software, {ETAPS} 2007, Braga, Portugal, March 24
               - April 1, 2007, Proceedings}}
@string{ESOP2007 = {{ESOP} 2007}}

@proceedings{DBLP:conf/esop/2007,
  editor    = {Rocco De Nicola},
  booktitle = ESOP2007,
  title     = ESOP2007,
  series    = LNCS,
  volume    = {4421},
  publisher = {Springer},
  year      = {2007},
  url       = {http://dx.doi.org/10.1007/978-3-540-71316-6},
  doi       = {10.1007/978-3-540-71316-6},
  isbn      = {978-3-540-71314-2},
  timestamp = {Thu, 28 May 2015 17:23:23 +0200},
  biburl    = {http://dblp.uni-trier.de/rec/bib/conf/esop/2007},
  bibsource = {dblp computer science bibliography, http://dblp.org}
}


@string{CADE2008 = {Automated Reasoning, 4th International Joint Conference, {IJCAR} 2008,
               Sydney, Australia, August 12-15, 2008, Proceedings}}
@string{CADE2008 = {{IJCAR} 2008}}

@proceedings{DBLP:conf/cade/2008,
  editor    = {Alessandro Armando and
               Peter Baumgartner and
               Gilles Dowek},
  title     = CADE2008,
  booktitle = CADE2008,
  series    = LNCS,
  volume    = {5195},
  publisher = {Springer},
  year      = {2008},
  isbn      = {978-3-540-71069-1},
  timestamp = {Fri, 05 Sep 2008 08:22:54 +0200},
  biburl    = {http://dblp.uni-trier.de/rec/bib/conf/cade/2008},
  bibsource = {dblp computer science bibliography, http://dblp.org}
}

@string{ICFEM2009 = {Formal Methods and Software Engineering, 11th International Conference
               on Formal Engineering Methods, {ICFEM} 2009, Rio de Janeiro, Brazil,
               December 9-12, 2009. Proceedings}}
@string{ICFEM2009 ={{ICFEM-11}}}

@proceedings{DBLP:conf/icfem/2009,
  editor    = {Karin K. Breitman and
               Ana Cavalcanti},
  booktitle = ICFEM2009,
  title     = ICFEM2009,
  series    = LNCS,
  volume    = {5885},
  publisher = {Springer},
  year      = {2009},
  url       = {http://dx.doi.org/10.1007/978-3-642-10373-5},
  doi       = {10.1007/978-3-642-10373-5},
  isbn      = {978-3-642-10372-8},
  timestamp = {Tue, 14 Jun 2016 17:22:51 +0200},
  biburl    = {http://dblp.uni-trier.de/rec/bib/conf/icfem/2009},
  bibsource = {dblp computer science bibliography, http://dblp.org}
}

@string{FM2011 ={{FM} 2011: Formal Methods - 17th International Symposium on Formal
               Methods, Limerick, Ireland, June 20-24, 2011. Proceedings}}
@string{FM2011={FM-17}}

@proceedings{DBLP:conf/fm/2011,
  editor    = {Michael J. Butler and
               Wolfram Schulte},
  booktitle = FM2011,
  title     = FM2011,
  series    = LNCS,
  volume    = {6664},
  publisher = {Springer},
  year      = {2011},
  url       = {http://dx.doi.org/10.1007/978-3-642-21437-0},
  doi       = {10.1007/978-3-642-21437-0},
  isbn      = {978-3-642-21436-3},
  timestamp = {Tue, 02 Dec 2014 14:02:24 +0100},
  biburl    = {http://dblp.uni-trier.de/rec/bib/conf/fm/2011},
  bibsource = {dblp computer science bibliography, http://dblp.org}
}

@string{IEEE/ACM2012 ={2012 {IEEE/ACM} Third International Conference on Cyber-Physical Systems,
               {ICCPS} 2012, Beijing, China, April 17-19, 2012}}
@string{IEEE/ACM2012={{IEEE/ACM-3}}}

@proceedings{DBLP:conf/iccps/2012,
  booktitle = IEEE/ACM2012,
  title     = IEEE/ACM2012,
  publisher = {{IEEE} Comp. Soc.},
  year      = {2012},
  url       = {http://ieeexplore.ieee.org/xpl/mostRecentIssue.jsp?punumber=6197284},
  isbn      = {978-1-4673-1537-1},
  timestamp = {Wed, 01 Jun 2016 13:57:22 +0200},
  biburl    = {http://dblp.uni-trier.de/rec/bib/conf/iccps/2012},
  bibsource = {dblp computer science bibliography, http://dblp.org}
}


@string{FM2009= {{FM} 2009: Formal Methods, Second World Congress, Eindhoven, The Netherlands,
               November 2-6, 2009. Proceedings}}
@string{FM2009= {{FM} 2009}}

@proceedings{DBLP:conf/fm/2009,
  editor    = {Ana Cavalcanti and
               Dennis Dams},
  booktitle = FM2009,  
  title     = FM2009,
  series    = LNCS,
  volume    = {5850},
  publisher = {Springer},
  year      = {2009},
  url       = {http://dx.doi.org/10.1007/978-3-642-05089-3},
  doi       = {10.1007/978-3-642-05089-3},
  isbn      = {978-3-642-05088-6},
  timestamp = {Thu, 05 Nov 2009 13:22:04 +0100},
  biburl    = {http://dblp.uni-trier.de/rec/bib/conf/fm/2009},
  bibsource = {dblp computer science bibliography, http://dblp.org}
}


@string{TACAS2015 ={Tools and Algorithms for the Construction and Analysis of Systems
               - 21st International Conference, {TACAS} 2015, Held as Part of the
               European Joint Conferences on Theory and Practice of Software, {ETAPS}
               2015, London, UK, April 11-18, 2015. Proceedings}}
@string{TACAS2015={TACAS-21}}


@string{RSS2013 = {Robotics: Science and Systems IX, Technische Universit{\"{a}}t
               Berlin, Berlin, Germany, June 24 - June 28, 2013}}
@string{RSS2013 = {Robotics: Science and Systems IX}}

@proceedings{DBLP:conf/rss/2013,
  editor    = {Paul Newman and
               Dieter Fox and
               David Hsu},
  booktitle = RSS2013,
  title     = RSS2013,
  year      = {2013},
  url       = {http://www.roboticsproceedings.org/rss09/},
  isbn      = {978-981-07-3937-9},
  timestamp = {Tue, 09 Feb 2016 15:15:28 +0100},
  biburl    = {http://dblp.uni-trier.de/rec/bib/conf/rss/2013},
  bibsource = {dblp computer science bibliography, http://dblp.org}
}


@string{HSCC2013 ={Proceedings of the 16th international conference on Hybrid systems:
               computation and control, {HSCC} 2013, April 8-11, 2013, Philadelphia,
               PA, {USA}}}
@string{HSCC2013={{HSCC}-16}}

@proceedings{DBLP:conf/hybrid/2013,
  editor    = {Calin Belta and
               Franjo Ivancic},
  booktitle = HSCC2013,
  title     = HSCC2013,
  publisher = {{ACM}},
  year      = {2013},
  url       = {http://dl.acm.org/citation.cfm?id=2461328},
  isbn      = {978-1-4503-1567-8},
  timestamp = {Fri, 03 May 2013 21:31:34 +0200},
  biburl    = {http://dblp.uni-trier.de/rec/bib/conf/hybrid/2013},
  bibsource = {dblp computer science bibliography, http://dblp.org}
}


@string{IJCAR2012 ={Automated Reasoning - 6th International Joint Conference, {IJCAR}
               2012, Manchester, UK, June 26-29, 2012. Proceedings}}
@string{IJCAR2012 ={IJCAR-6}}

@proceedings{DBLP:conf/cade/2012,
  editor    = {Bernhard Gramlich and
               Dale Miller and
               Uli Sattler},
  booktitle = IJCAR2012,
  title     = IJCAR2012,
  series    = LNCS,
  volume    = {7364},
  publisher = {Springer},
  year      = {2012},
  url       = {http://dx.doi.org/10.1007/978-3-642-31365-3},
  doi       = {10.1007/978-3-642-31365-3},
  isbn      = {978-3-642-31364-6},
  timestamp = {Tue, 03 Jul 2012 10:34:16 +0200},
  biburl    = {http://dblp.uni-trier.de/rec/bib/conf/cade/2012},
  bibsource = {dblp computer science bibliography, http://dblp.org}
}


@string{MEMOCODE2015 ={13. {ACM/IEEE} International Conference on Formal Methods and Models
               for Codesign, {MEMOCODE} 2015, Austin, TX, USA, September 21-23, 2015}}
@string{MEMOCODE2015 ={{MEMOCODE} 2015}}

@proceedings{DBLP:conf/memocode/2015,
  booktitle = MEMOCODE2015,
  title     = MEMOCODE2015,
  publisher = {{IEEE}},
  year      = {2015},
  url       = {http://ieeexplore.ieee.org/xpl/mostRecentIssue.jsp?punumber=7329076},
  isbn      = {978-1-5090-0237-5},
  timestamp = {Tue, 08 Dec 2015 17:01:47 +0100},
  biburl    = {http://dblp.uni-trier.de/rec/bib/conf/memocode/2015},
  bibsource = {dblp computer science bibliography, http://dblp.org}
}


@string{TYPES2006 ={Types for Proofs and Programs, International Workshop, {TYPES} 2006,
               Nottingham, UK, April 18-21, 2006, Revised Selected Papers}}
@string{TYPES2006 ={TYPES-2006}}

@proceedings{DBLP:conf/types/2006,
  editor    = {Thorsten Altenkirch and
               Conor McBride},
  booktitle = TYPES2006,
  title     = TYPES2006,
  series    = {LNCS},
  volume    = {4502},
  publisher = {Springer},
  year      = {2007},
  isbn      = {978-3-540-74463-4},
  timestamp = {Mon, 17 Sep 2007 12:52:22 +0200},
  biburl    = {http://dblp.uni-trier.de/rec/bib/conf/types/2006},
  bibsource = {dblp computer science bibliography, http://dblp.org}
}


@string{TACAS2008 ={Tools and Algorithms for the Construction and Analysis of Systems,
               14th International Conference, {TACAS} 2008, Held as Part of the Joint
               European Conferences on Theory and Practice of Software, {ETAPS} 2008,
               Budapest, Hungary, March 29-April 6, 2008. Proceedings}}
@string{TACAS2008 ={TACAS-14}}

@proceedings{DBLP:conf/tacas/2008,
  editor    = {C. R. Ramakrishnan and
               Jakob Rehof},
  booktitle = TACAS2008,	       
  title     = TACAS2008,
  series    = {LNCS},
  volume    = {4963},
  publisher = {Springer},
  year      = {2008},
  url       = {http://dx.doi.org/10.1007/978-3-540-78800-3},
  doi       = {10.1007/978-3-540-78800-3},
  isbn      = {978-3-540-78799-0},
  timestamp = {Thu, 28 May 2015 17:23:18 +0200},
  biburl    = {http://dblp.uni-trier.de/rec/bib/conf/tacas/2008},
  bibsource = {dblp computer science bibliography, http://dblp.org}
}


@string{HAS2013 ={Proceedings Third International Workshop on Hybrid Autonomous Systems,
               {HAS} 2013, Rome, Italy, 17th March 2013}}
@string{HAS2013 ={HAS-3}}

@proceedings{DBLP:journals/corr/BortolussiBP13,
  editor    = {Luca Bortolussi and
               Manuela L. Bujorianu and
               Giordano Pola},
  booktitle = HAS2013,	       
  title     = HAS2013,
  series    = {{EPTCS}},
  volume    = {124},
  year      = {2013},
  url       = {http://dx.doi.org/10.4204/EPTCS.124},
  doi       = {10.4204/EPTCS.124},
  timestamp = {Mon, 28 Oct 2013 16:56:55 +0100},
  biburl    = {http://dblp.uni-trier.de/rec/bib/journals/corr/BortolussiBP13},
  bibsource = {dblp computer science bibliography, http://dblp.org}
}


@string{IEEE2001 ={7th International Conference on Engineering of Complex Computer Systems
               {(ICECCS} 2001), 11-13 June 2001, Sk{\"{o}}vde, Sweden}}
@string{IEEE2001 ={{ICECCS} 2001}}

@proceedings{DBLP:conf/iceccs/2001,
  title     = IEEE2001,
  booktitle = IEEE2001,
  publisher = {{IEEE} Comp. Soc.},
  year      = {2001},
  url       = {http://ieeexplore.ieee.org/xpl/mostRecentIssue.jsp?punumber=7409},
  isbn      = {0-7695-1159-7},
  timestamp = {Thu, 23 Jun 2016 15:53:28 +0200},
  biburl    = {http://dblp.uni-trier.de/rec/bib/conf/iceccs/2001},
  bibsource = {dblp computer science bibliography, http://dblp.org}
}


@string{AISC2012 ={Intelligent Computer Mathematics - 11th International Conference,
               {AISC} 2012, 19th Symposium, Calculemus 2012, 5th International Workshop,
               {DML} 2012, 11th International Conference, {MKM} 2012, Systems and
               Projects, Held as Part of {CICM} 2012, Bremen, Germany, July 8-13,
               2012. Proceedings}},
}
@string{AISC2012 ={AISC-11}}

@proceedings{DBLP:conf/aisc/2012,
  editor    = {Johan Jeuring and
               John A. Campbell and
               Jacques Carette and
               Gabriel Dos Reis and
               Petr Sojka and
               Makarius Wenzel and
               Volker Sorge},
  booktitle = AISC2012,
  title     = AISC2012,
  series    = {LNCS},
  volume    = {7362},
  publisher = {Springer},
  year      = {2012},
  url       = {http://dx.doi.org/10.1007/978-3-642-31374-5},
  doi       = {10.1007/978-3-642-31374-5},
  isbn      = {978-3-642-31373-8},
  timestamp = {Tue, 03 Jul 2012 10:50:13 +0200},
  biburl    = {http://dblp.uni-trier.de/rec/bib/conf/aisc/2012},
  bibsource = {dblp computer science bibliography, http://dblp.org}
}


@string{LNCS = {LNCS}}
@string{LNCS = {LNCS}}


@string{LICS2011 = {Proceedings of the 26th Annual {IEEE} Symposium on Logic in Computer
                    Science, {LICS} 2011, June 21-24, 2011, Toronto, Ontario, Canada}}
@string{LICS2011 = {{LICS} 2011}}


@proceedings{DBLP:conf/lics/2011,
  title     = LICS2011,
  booktitle = LICS2011,
  publisher = {{IEEE} Comp. Soc.},
  year      = {2011},
  url       = {http://ieeexplore.ieee.org/xpl/mostRecentIssue.jsp?punumber=5968099},
  isbn      = {978-0-7695-4412-0},
  timestamp = {Tue, 08 May 4445984 04:40:00 +uter},
  biburl    = {http://dblp.uni-trier.de/rec/bib/conf/lics/2011},
  bibsource = {dblp computer science bibliography, http://dblp.org}
}


@string{ITP2014 = {Interactive Theorem Proving - 5th International Conference, {ITP}
                   2014, Held as Part of the Vienna Summer of Logic, {VSL} 2014, Vienna,
                   Austria, July 14-17, 2014. Proceedings}}
@string{ITP2014 = {ITP 2014}}



@string{CPP2016 = {Proceedings of the 5th {ACM} {SIGPLAN} Conference on Certified Programs
               and Proofs, Saint Petersburg, FL, USA, January 20-22, 2016}}
@string{CPP2016 = {{CPP} 2016}}

@proceedings{DBLP:conf/cpp/2016,
  editor    = {Jeremy Avigad and
               Adam Chlipala},
  booktitle = {{CPP2016}},
  title     = {{CPP2016}},
  publisher = {{ACM}},
  year      = {2016},
  url       = {http://dl.acm.org/citation.cfm?id=2854065},
  isbn      = {978-1-4503-4127-1},
  timestamp = {Mon, 18 Jan 2016 19:35:36 +0100},
  biburl    = {http://dblp.uni-trier.de/rec/bib/conf/cpp/2016},
  bibsource = {dblp computer science bibliography, http://dblp.org}
}


@string{ITP2015 = {Interactive Theorem Proving - 6th International Conference, {ITP}
               2015, Nanjing, China, August 24-27, 2015, Proceedings}}
@string{ITP2015 = {{ITP} 2015}}

@proceedings{DBLP:conf/itp/2015,
  editor    = {Christian Urban and
               Xingyuan Zhang},
  title     = ITP2015,
  booktitle = ITP2015,
  series    = LNCS,
  volume    = {9236},
  publisher = {Springer},
  year      = {2015},
  url       = {http://dx.doi.org/10.1007/978-3-319-22102-1},
  doi       = {10.1007/978-3-319-22102-1},
  isbn      = {978-3-319-22101-4},
  timestamp = {Mon, 24 Aug 2015 16:28:30 +0200},
  biburl    = {http://dblp.uni-trier.de/rec/bib/conf/itp/2015},
  bibsource = {dblp computer science bibliography, http://dblp.org}
}


@string{RTA2002 = {Rewriting Techniques and Applications, 13th International Conference,
               {RTA} 2002, Copenhagen, Denmark, July 22-24, 2002, Proceedings}}
@string{RTA2002 = {{RTA} 2002}}

@proceedings{DBLP:conf/rta/2002,
  editor    = {Sophie Tison},
  title     = RTA2002,
  booktitle = RTA2002,
  series    = LNCS,
  volume    = {2378},
  publisher = {Springer},
  year      = {2002},
  isbn      = {3-540-43916-1},
  timestamp = {Fri, 26 Jul 2002 11:06:55 +0200},
  biburl    = {http://dblp.uni-trier.de/rec/bib/conf/rta/2002},
  bibsource = {dblp computer science bibliography, http://dblp.org}
}


@string{TACS1997 = {Theoretical Aspects of Computer Software, Third International
                    Symposium, TACS '97, Sendai, Japan, September 23-26, 1997,
                    Proceedings}}
@string{TACS1997 = {{TACS} '97}}

@proceedings{DBLP:conf/tacs/1997,
  editor    = {Mart\'{\i}n Abadi and
               Takayasu Ito},
  title     = TACS1997,
  booktitle = TACS1997,
  publisher = {Springer},
  series    = LNCS,
  volume    = {1281},
  year      = {1997},
  isbn      = {3-540-63388-X},
  bibsource = {DBLP, http://dblp.uni-trier.de}
}


@string{IJCAR2006 = {Automated Reasoning, Third International Joint Conference,
                     IJCAR 2006, Seattle, WA, USA, August 17-20, 2006, Proceedings}}
@string{IJCAR2006 = {IJCAR 2006}}

@proceedings{DBLP:conf/cade/2006,
  editor    = {Ulrich Furbach and
               Natarajan Shankar},
  title     = {{IJCAR2006}},
  booktitle = {{IJCAR2006}},
  publisher = {Springer},
  series    = {{LNCS}},
  volume    = {4130},
  year      = {2006},
  isbn      = {3-540-37187-7},
  bibsource = {DBLP, http://dblp.uni-trier.de}
}


@string{ITP2013 = {Interactive Theorem Proving - 4th International Conference,
                   ITP 2013, Rennes, France, July 22-26, 2013. Proceedings}}
@string{ITP2013 = {{ITP}'13}}



@string{POPL2014 = {The 41st Annual ACM SIGPLAN-SIGACT Symposium on Principles
                    of Programming Languages, POPL '14, San Diego, CA, USA,
                    January 20-21, 2014}}
@string{POPL2014 = {POPL'14}}

@proceedings{DBLP:conf/popl/2014,
  editor    = {Suresh Jagannathan and
               Peter Sewell},
  title     = POPL2014,
  booktitle = POPL2014,
  publisher = {ACM},
  year      = {2014},
  isbn      = {978-1-4503-2544-8},
  ee        = {http://dl.acm.org/citation.cfm?id=2535838},
  bibsource = {DBLP, http://dblp.uni-trier.de}
}


@string{ITP2011 = {Interactive Theorem Proving - Second International Conference,
                   ITP 2011, Berg en Dal, The Netherlands, August 22-25, 2011.
                   Proceedings}}
@string{ITP2011 = {ITP 2011}}

@proceedings{DBLP:conf/itp/2011,
  editor    = {Marko C. J. D. van Eekelen and
               Herman Geuvers and
               Julien Schmaltz and
               Freek Wiedijk},
  title     = ITP2011,
  booktitle = ITP2011,
  publisher = {Springer},
  series    = LNCS,
  volume    = {6898},
  year      = {2011},
  isbn      = {978-3-642-22862-9},
  ee        = {http://dx.doi.org/10.1007/978-3-642-22863-6},
  bibsource = {DBLP, http://dblp.uni-trier.de}
}


@string{CADE2015 = {Automated Deduction - {CADE-25} - 25th International Conference on
               Automated Deduction, Berlin, Germany, August 1-7, 2015, Proceedings}}
@string{CADE2015 = {{CADE-25}}}

@proceedings{DBLP:conf/cade/2015,
  editor    = {Amy P. Felty and
               Aart Middeldorp},
  title     = CADE2015,
  booktitle = CADE2015,
  series    = LNCS,
  volume    = {9195},
  publisher = {Springer},
  year      = {2015},
  url       = {http://dx.doi.org/10.1007/978-3-319-21401-6},
  doi       = {10.1007/978-3-319-21401-6},
  isbn      = {978-3-319-21400-9},
  timestamp = {Fri, 31 Jul 2015 13:15:07 +0200},
  biburl    = {http://dblp.uni-trier.de/rec/bib/conf/cade/2015},
  bibsource = {dblp computer science bibliography, http://dblp.org}
}


@string{TACS1991 = {Theoretical Aspects of Computer Software, International Conference
               {TACS} '91, Sendai, Japan, September 24-27, 1991, Proceedings}}
@string{TACS1991 = {{TACS} '91}}

@proceedings{DBLP:conf/tacs/1991,
  editor    = {Takayasu Ito and
               Albert R. Meyer},
  title     = TACS1991,
  booktitle = TACS1991,
  series    = LNCS,
  volume    = {526},
  publisher = {Springer},
  year      = {1991},
  isbn      = {3-540-54415-1},
  timestamp = {Wed, 19 Jun 2002 15:06:12 +0200},
  biburl    = {http://dblp.uni-trier.de/rec/bib/conf/tacs/1991},
  bibsource = {dblp computer science bibliography, http://dblp.org}
}


@proceedings{DBLP:conf/hybrid/1992,
  editor    = {Robert L. Grossman and
               Anil Nerode and
               Anders P. Ravn and
               Hans Rischel},
  title     = {Hybrid Systems},
  series    = LNCS,
  volume    = {736},
  publisher = {Springer},
  year      = {1993},
  isbn      = {3-540-57318-6},
  timestamp = {Thu, 09 Jan 2003 11:08:03 +0100},
  biburl    = {http://dblp.uni-trier.de/rec/bib/conf/hybrid/1992},
  bibsource = {dblp computer science bibliography, http://dblp.org}
}


@string{LICS2012 = {Proceedings of the 27th Annual {IEEE} Symposium on Logic in Computer
               Science, {LICS} 2012, Dubrovnik, Croatia, June 25-28, 2012}}
@string{LICS2012 = {{LICS} 2012}}

@proceedings{DBLP:conf/lics/2012,
  title     = LICS2012,
  booktitle = LICS2012,
  publisher = {{IEEE} Comp. Soc.},
  year      = {2012},
  url       = {http://ieeexplore.ieee.org/xpl/mostRecentIssue.jsp?punumber=6275587},
  isbn      = {978-1-4673-2263-8},
  timestamp = {Fri, 21 Nov 2014 14:08:56 +0100},
  biburl    = {http://dblp.uni-trier.de/rec/bib/conf/lics/2012},
  bibsource = {dblp computer science bibliography, http://dblp.org}
}


@proceedings{DBLP:conf/afp/1995,
  editor    = {Johan Jeuring and
               Erik Meijer},
  title     = {Advanced Functional Programming, First International Spring School
               on Advanced Functional Programming Techniques, B{\aa}stad, Sweden,
               May 24-30, 1995, Tutorial Text},
  booktitle = {Advanced Functional Programming, First International Spring School
               on Advanced Functional Programming Techniques, B{\aa}stad, Sweden,
               May 24-30, 1995, Tutorial Text},
  series    = LNCS,
  volume    = {925},
  publisher = {Springer},
  year      = {1995},
  isbn      = {3-540-59451-5},
  timestamp = {Mon, 13 Jan 2003 09:51:04 +0100},
  biburl    = {http://dblp.uni-trier.de/rec/bib/conf/afp/1995},
  bibsource = {dblp computer science bibliography, http://dblp.org}
}


@string{TACS2001 = {Theoretical Aspects of Computer Software, 4th International Symposium,
                    {TACS} 2001, Sendai, Japan, October 29-31, 2001, Proceedings}}
@string{TACS2001 = {{TACS} 2001}}

@proceedings{DBLP:conf/tacs/2001,
  editor    = {Naoki Kobayashi and
               Benjamin C. Pierce},
  title     = TACS2001,
  booktitle = TACS2001,
  series    = LNCS,
  volume    = {2215},
  publisher = {Springer},
  year      = {2001},
  isbn      = {3-540-42736-8},
  timestamp = {Sat, 14 Sep 4430768 05:03:28 +nce},
  biburl    = {http://dblp.uni-trier.de/rec/bib/conf/tacs/2001},
  bibsource = {dblp computer science bibliography, http://dblp.org}
}


@string{LCTES2015 = {Proceedings of the 16th {ACM} {SIGPLAN/SIGBED} Conference on Languages,
               Compilers and Tools for Embedded Systems, {LCTES} 2015, CD-ROM, Portland,
               OR, USA, June 18 - 19, 2015}}
@string{LCTES2015 = {{LCTES} 2015}}

@proceedings{DBLP:conf/lctrts/2015,
  editor    = {Sam H. Noh and
               Sebastian Fischmeister and
               Jason Xue},
  title     = LCTES2015,
  booktitle = LCTES2015,
  publisher = {{ACM}},
  year      = {2015},
  url       = {http://dl.acm.org/citation.cfm?id=2670529},
  isbn      = {978-1-4503-3257-6},
  timestamp = {Wed, 27 May 2015 09:38:59 +0200},
  biburl    = {http://dblp.uni-trier.de/rec/bib/conf/lctrts/2015},
  bibsource = {dblp computer science bibliography, http://dblp.org}
}


@string{ITP2016 = {Interactive Theorem Proving - 7th International Conference, {ITP}
               2016, Nancy, France, August 22-25, 2016, Proceedings}}
@string{ITP2016 = {{ITP} 2016}}


@string{LICS1989 = {Proceedings of the Fourth Annual Symposium on Logic in Computer Science
               {(LICS} '89), Pacific Grove, California, USA, June 5-8, 1989}}
@string{LICS1989 = {{LICS} '89}}

@proceedings{DBLP:conf/lics/1989,
  title     = LICS1989,
  booktitle = LICS1989,
  publisher = {{IEEE} Comp. Soc.},
  year      = {1989},
  url       = {http://ieeexplore.ieee.org/xpl/mostRecentIssue.jsp?punumber=249},
  isbn      = {0-8186-1954-6},
  timestamp = {Fri, 21 Nov 2014 14:08:56 +0100},
  biburl    = {http://dblp.uni-trier.de/rec/bib/conf/lics/1989},
  bibsource = {dblp computer science bibliography, http://dblp.org}
}

@string{CAV2011 = {Computer Aided Verification - 23rd International Conference, {CAV}
               2011, Snowbird, UT, USA, July 14-20, 2011. Proceedings}}
@string{CAV2011 = {{CAV} 2011}}

@proceedings{DBLP:conf/cav/2011,
  editor    = {Ganesh Gopalakrishnan and
               Shaz Qadeer},
  title     = CAV2011,
  booktitle = CAV2011,
  series    = LNCS,
  volume    = {6806},
  publisher = {Springer},
  year      = {2011},
  url       = {http://dx.doi.org/10.1007/978-3-642-22110-1},
  doi       = {10.1007/978-3-642-22110-1},
  isbn      = {978-3-642-22109-5},
  timestamp = {Mon, 11 Jul 2011 13:20:54 +0200},
  biburl    = {http://dblp.uni-trier.de/rec/bib/conf/cav/2011},
  bibsource = {dblp computer science bibliography, http://dblp.org}
}
