@inproceedings{DBLP:conf/itp/ImmlerT16,
  author    = {Fabian Immler and
               Christoph Traut},
  title     = {The flow of {ODE}s},
  booktitle = {{ITP}},
  longbooktitle = {Interactive Theorem Proving - 7th International Conference, {ITP}
               2016, Nancy, France, August 22-25, 2016, Proceedings},
  pages     = {184--199},
  year      = {2016},
  crossref  = {DBLP:conf/itp/2016},
  url       = {https://doi.org/10.1007/978-3-319-43144-4_12},
  doi       = {10.1007/978-3-319-43144-4_12},
  timestamp = {Sun, 21 May 2017 00:18:59 +0200},
  biburl    = {https://dblp.org/rec/bib/conf/itp/ImmlerT16},
  bibsource = {dblp computer science bibliography, https://dblp.org}
}
@proceedings{DBLP:conf/itp/2016,
  editor    = {Jasmin Christian Blanchette and
               Stephan Merz},
  title     = {Interactive Theorem Proving - 7th International Conference, {ITP}
               2016, Nancy, France, August 22-25, 2016, Proceedings},
  series    = {{LNCS}},
  volume    = {9807},
  publisher = {Springer},
  year      = {2016},
  url       = {https://doi.org/10.1007/978-3-319-43144-4},
  doi       = {10.1007/978-3-319-43144-4},
  isbn      = {978-3-319-43143-7},
  timestamp = {Sun, 21 May 2017 00:18:59 +0200},
  biburl    = {https://dblp.org/rec/bib/conf/itp/2016},
  bibsource = {dblp computer science bibliography, https://dblp.org}
}

@inproceedings{DBLP:conf/plpv/PikeHBEDL14,
  author    = {Lee Pike and
               Patrick C. Hickey and
               James Bielman and
               Trevor Elliott and
               Thomas DuBuisson and
               John Launchbury},
  title     = {Programming languages for high-assurance autonomous vehicles: Extended
               abstract},
  booktitle = {{PLPV}},
  longbooktitle = {Proceedings of the 2014 {ACM} {SIGPLAN} Workshop on Programming Languages
               meets Program Verification, {PLPV} 2014, January 21, 2014, San Diego,
               California, USA, Co-located with {POPL} '14},
  pages     = {1--2},
  year      = {2014},
  url       = {http://doi.acm.org/10.1145/2541568.2541570},
  doi       = {10.1145/2541568.2541570},
  timestamp = {Mon, 10 Feb 2014 07:39:40 +0100},
  biburl    = {http://dblp.org/rec/bib/conf/plpv/PikeHBEDL14},
  bibsource = {dblp computer science bibliography, http://dblp.org}
}

@inproceedings{DBLP:conf/haskell/ElliottPWHBSSL15,
  author    = {Trevor Elliott and
               Lee Pike and
               Simon Winwood and
               Patrick C. Hickey and
               James Bielman and
               Jamey Sharp and
               Eric L. Seidel and
               John Launchbury},
  title     = {Guilt free ivory},
  booktitle = {Haskell},
  longbooktitle = {Proceedings of the 8th {ACM} {SIGPLAN} Symposium on Haskell, Haskell
               2015, Vancouver, BC, Canada, September 3-4, 2015},
  pages     = {189--200},
  year      = {2015},
  url       = {http://doi.acm.org/10.1145/2804302.2804318},
  doi       = {10.1145/2804302.2804318},
  timestamp = {Thu, 15 Jun 2017 21:33:01 +0200},
  biburl    = {http://dblp.org/rec/bib/conf/haskell/ElliottPWHBSSL15},
  bibsource = {dblp computer science bibliography, http://dblp.org}
}


@inproceedings{DBLP:conf/popl/DelawarePGC15,
  author    = {Benjamin Delaware and
               Cl{\'{e}}ment Pit{-}Claudel and
               Jason Gross and
               Adam Chlipala},
  title     = {Fiat: Deductive synthesis of abstract data types in a proof assistant},
  booktitle = {POPL},
  longbooktitle = {Proceedings of the 42nd Annual {ACM} {SIGPLAN-SIGACT} Symposium on
               Principles of Programming Languages, {POPL} 2015, Mumbai, India, January
               15-17, 2015},
  pages     = {689--700},
  year      = {2015},
  opturl       = {http://doi.acm.org/10.1145/2676726.2677006},
  doi       = {10.1145/2676726.2677006},
  timestamp = {Sat, 20 Dec 2014 16:58:56 +0100},
  biburl    = {http://dblp.uni-trier.de/rec/bib/conf/popl/DelawarePGC15},
  bibsource = {dblp computer science bibliography, http://dblp.org}
}

@inproceedings{DBLP:conf/cav/FrehseGDCRLRGDM11,
  author    = {Goran Frehse and
               Colas Le Guernic and
               Alexandre Donz{\'{e}} and
               Scott Cotton and
               Rajarshi Ray and
               Olivier Lebeltel and
               Rodolfo Ripado and
               Antoine Girard and
               Thao Dang and
               Oded Maler},
  title     = {{SpaceEx}: Scalable verification of hybrid systems},
  booktitle = {{CAV}},
  pages     = {379--395},
  year      = {2011},
  editor    = {Ganesh Gopalakrishnan and
               Shaz Qadeer},
  series    = {{LNCS}},
  volume    = {6806},
  opturl       = {http://dx.doi.org/10.1007/978-3-642-22110-1\_30},
  doi       = {10.1007/978-3-642-22110-1_30},
  timestamp = {Mon, 11 Jul 2011 13:24:02 +0200},
  biburl    = {http://dblp.uni-trier.de/rec/bib/conf/cav/FrehseGDCRLRGDM11},
  bibsource = {dblp computer science bibliography, http://dblp.org}
}

@article{DBLP:journals/cacm/Leroy09,
  author    = {Xavier Leroy},
  title     = {Formal verification of a realistic compiler},
  journal   = {Commun. {ACM}},
  volume    = {52},
  number    = {7},
  pages     = {107--115},
  year      = {2009},
  url       = {http://doi.acm.org/10.1145/1538788.1538814},
  doi       = {10.1145/1538788.1538814},
  timestamp = {Thu, 02 Jul 2009 13:36:32 +0200},
  biburl    = {http://dblp.org/rec/bib/journals/cacm/Leroy09},
  bibsource = {dblp computer science bibliography, http://dblp.org}
}

@article{DBLP:journals/cacm/KleinAEHCDEEKNSTW10,
  author    = {Gerwin Klein and
               June Andronick and
               Kevin Elphinstone and
               Gernot Heiser and
               David Cock and
               Philip Derrin and
               Dhammika Elkaduwe and
               Kai Engelhardt and
               Rafal Kolanski and
               Michael Norrish and
               Thomas Sewell and
               Harvey Tuch and
               Simon Winwood},
  title     = {{seL4}: Formal verification of an operating-system kernel},
  journal   = {Commun. {ACM}},
  volume    = {53},
  number    = {6},
  pages     = {107--115},
  year      = {2010},
  opturl       = {http://doi.acm.org/10.1145/1743546.1743574},
  doi       = {10.1145/1743546.1743574},
  timestamp = {Fri, 11 Jun 2010 14:44:16 +0200},
  biburl    = {http://dblp.uni-trier.de/rec/bib/journals/cacm/KleinAEHCDEEKNSTW10},
  bibsource = {dblp computer science bibliography, http://dblp.org}
}

@inproceedings{DBLP:conf/asplos/AmaniHCRCOBNLST16,
  author    = {Sidney Amani and
               Alex Hixon and
               Zilin Chen and
               Christine Rizkallah and
               Peter Chubb and
               Liam O'Connor and
               Joel Beeren and
               Yutaka Nagashima and
               Japheth Lim and
               Thomas Sewell and
               Joseph Tuong and
               Gabriele Keller and
               Toby C. Murray and
               Gerwin Klein and
               Gernot Heiser},
  title     = {CoGENT: Verifying high-assurance file system implementations},
  booktitle = {ASPLOS},
  longbooktitle = {Proceedings of the Twenty-First International Conference on Architectural
               Support for Programming Languages and Operating Systems, {ASPLOS}
               '16, Atlanta, GA, USA, April 2-6, 2016},
  pages     = {175--188},
  year      = {2016},
  url       = {http://doi.acm.org/10.1145/2872362.2872404},
  doi       = {10.1145/2872362.2872404},
  timestamp = {Thu, 31 Mar 2016 18:07:43 +0200},
  biburl    = {http://dblp.org/rec/bib/conf/asplos/AmaniHCRCOBNLST16},
  bibsource = {dblp computer science bibliography, http://dblp.org}
}

@inproceedings{DBLP:conf/pldi/SewellMK13,
  author    = {Thomas Arthur Leck Sewell and
               Magnus O. Myreen and
               Gerwin Klein},
  editor    = {Hans{-}Juergen Boehm and
               Cormac Flanagan},
  title     = {Translation validation for a verified {OS} kernel},
  booktitle = {{PLDI}},
  longbooktitle = {{ACM} {SIGPLAN} Conference on Programming Language Design and Implementation,
               {PLDI} '13, Seattle, WA, USA, June 16-19, 2013},
  pages     = {471--482},
  publisher = {{ACM}},
  year      = {2013},
  url       = {http://doi.acm.org/10.1145/2462156.2462183},
  doi       = {10.1145/2462156.2462183},
  timestamp = {Sun, 09 Jun 2013 12:32:52 +0200},
  biburl    = {http://dblp.org/rec/bib/conf/pldi/SewellMK13},
  bibsource = {dblp computer science bibliography, http://dblp.org}
}

@inproceedings{DBLP:conf/tphol/Harrison07,
  author    = {John Harrison},
  editor    = {Klaus Schneider and
               Jens Brandt},
  title     = {Verifying nonlinear real formulas via sums of squares},
  booktitle = {TPHOLs},
  longbooktitle = {Theorem Proving in Higher Order Logics, 20th International Conference,
               TPHOLs 2007, Kaiserslautern, Germany, September 10-13, 2007, Proceedings},
  series    = {LNCS},
  volume    = {4732},
  pages     = {102--118},
  publisher = {Springer},
  year      = {2007},
  url       = {https://doi.org/10.1007/978-3-540-74591-4\_9},
  doi       = {10.1007/978-3-540-74591-4\_9},
  timestamp = {Mon, 05 Jun 2017 12:43:31 +0200},
  biburl    = {http://dblp.org/rec/bib/conf/tphol/Harrison07},
  bibsource = {dblp computer science bibliography, http://dblp.org}
}

@inproceedings{DBLP:conf/itp/MonniauxC11,
  author    = {David Monniaux and
               Pierre Corbineau},
  editor    = {Marko C. J. D. van Eekelen and
               Herman Geuvers and
               Julien Schmaltz and
               Freek Wiedijk},
  title     = {On the generation of Positivstellensatz witnesses in degenerate cases},
  booktitle = {ITP},
  series    = {LNCS},
  volume    = {6898},
  pages     = {249--264},
  publisher = {Springer},
  year      = {2011},
  url       = {https://doi.org/10.1007/978-3-642-22863-6\_19},
  doi       = {10.1007/978-3-642-22863-6\_19},
  timestamp = {Sun, 21 May 2017 00:18:59 +0200},
  biburl    = {http://dblp.org/rec/bib/conf/itp/MonniauxC11},
  bibsource = {dblp computer science bibliography, http://dblp.org}
}

@inproceedings{DBLP:conf/tphol/SlindN08,
  author    = {Konrad Slind and
               Michael Norrish},
  editor    = {Otmane A{\"{\i}}t Mohamed and
               C{\'{e}}sar A. Mu{\~{n}}oz and
               Sofi{\`{e}}ne Tahar},
  title     = {A brief overview of {HOL4}},
  booktitle = {TPHOLs},
  longbooktitle = {Theorem Proving in Higher Order Logics, 21st International Conference,
               TPHOLs 2008, Montreal, Canada, August 18-21, 2008. Proceedings},
  series    = {LNCS},
  volume    = {5170},
  pages     = {28--32},
  publisher = {Springer},
  year      = {2008},
  url       = {https://doi.org/10.1007/978-3-540-71067-7\_6},
  doi       = {10.1007/978-3-540-71067-7\_6},
  timestamp = {Tue, 13 Jun 2017 10:37:56 +0200},
  biburl    = {http://dblp.org/rec/bib/conf/tphol/SlindN08},
  bibsource = {dblp computer science bibliography, http://dblp.org}
}

@inproceedings{DBLP:conf/arith/BoldoM10,
  author    = {Sylvie Boldo and
               Guillaume Melquiond},
  editor    = {Elisardo Antelo and
               David Hough and
               Paolo Ienne},
  title     = {{Flocq}: {A} unified library for proving floating-point algorithms in
               {Coq}},
  booktitle = {{ARITH}},
  longbooktitle = {20th {IEEE} Symposium on Computer Arithmetic, {ARITH} 2011, {T{\"{u}}bingen},
               {Germany,} 25-27 July 2011},
  pages     = {243--252},
  publisher = {{IEEE} Computer Society},
  year      = {2011},
  url       = {https://doi.org/10.1109/ARITH.2011.40},
  doi       = {10.1109/ARITH.2011.40},
  timestamp = {Sun, 21 May 2017 00:16:57 +0200},
  biburl    = {http://dblp.org/rec/bib/conf/arith/BoldoM10},
  bibsource = {dblp computer science bibliography, http://dblp.org}
}

@inproceedings{DBLP:conf/popl/DarulovaK14,
  author    = {Eva Darulova and
               Viktor Kuncak},
  editor    = {Suresh Jagannathan and
               Peter Sewell},
  title     = {Sound compilation of reals},
  booktitle = {POPL},
  longbooktitle = {The 41st Annual {ACM} {SIGPLAN-SIGACT} Symposium on Principles of
               Programming Languages, {POPL} '14, San Diego, CA, USA, January 20-21,
               2014},
  pages     = {235--248},
  publisher = {{ACM}},
  year      = {2014},
  url       = {http://doi.acm.org/10.1145/2535838.2535874},
  doi       = {10.1145/2535838.2535874},
  timestamp = {Thu, 09 Jan 2014 08:32:32 +0100},
  biburl    = {http://dblp.org/rec/bib/conf/popl/DarulovaK14},
  bibsource = {dblp computer science bibliography, http://dblp.org}
}

@inproceedings{DBLP:conf/arith/BoldoJLM13,
  author    = {Sylvie Boldo and
               Jacques{-}Henri Jourdan and
               Xavier Leroy and
               Guillaume Melquiond},
  editor    = {Alberto Nannarelli and
               Peter{-}Michael Seidel and
               Ping Tak Peter Tang},
  title     = {A formally-verified {C} compiler supporting floating-point arithmetic},
  booktitle = {ARITH},
  longbooktitle = {21st {IEEE} Symposium on Computer Arithmetic, {ARITH} 2013, Austin,
               TX, USA, April 7-10, 2013},
  pages     = {107--115},
  publisher = {{IEEE} Computer Society},
  year      = {2013},
  url       = {https://doi.org/10.1109/ARITH.2013.30},
  doi       = {10.1109/ARITH.2013.30},
  timestamp = {Sun, 21 May 2017 00:16:58 +0200},
  biburl    = {http://dblp.org/rec/bib/conf/arith/BoldoJLM13},
  bibsource = {dblp computer science bibliography, http://dblp.org}
}

@inproceedings{DBLP:conf/itp/AnandK15,
  author    = {Abhishek Anand and
               Ross A. Knepper},
  editor    = {Christian Urban and
               Xingyuan Zhang},
  title     = {{ROSCoq}: Robots powered by constructive reals},
  longbooktitle = {Interactive Theorem Proving - 6th International Conference, {ITP}
               2015, Nanjing, China, August 24-27, 2015, Proceedings},
  booktitle = {ITP},
  series    = {LNCS},
  volume    = {9236},
  pages     = {34--50},
  publisher = {Springer},
  year      = {2015},
  url       = {https://doi.org/10.1007/978-3-319-22102-1\_3},
  doi       = {10.1007/978-3-319-22102-1_3},
  timestamp = {Sun, 21 May 2017 00:18:59 +0200},
  biburl    = {http://dblp.org/rec/bib/conf/itp/AnandK15},
  bibsource = {dblp computer science bibliography, http://dblp.org}
}

@inproceedings{DBLP:conf/icfp/MyreenO12,
  author    = {Magnus O. Myreen and
               Scott Owens},
  editor    = {Peter Thiemann and
               Robby Bruce Findler},
  title     = {Proof-producing synthesis of {ML} from higher-order logic},
  booktitle = {ICFP},
  longbooktitle = {{ACM} {SIGPLAN} International Conference on Functional Programming,
               ICFP'12, Copenhagen, Denmark, September 9-15, 2012},
  pages     = {115--126},
  publisher = {{ACM}},
  year      = {2012},
  url       = {http://doi.acm.org/10.1145/2364527.2364545},
  doi       = {10.1145/2364527.2364545},
  timestamp = {Sun, 04 Jun 2017 10:05:10 +0200},
  biburl    = {http://dblp.org/rec/bib/conf/icfp/MyreenO12},
  bibsource = {dblp computer science bibliography, http://dblp.org}
}

@inproceedings{DBLP:conf/sosp/KleinEHACDEEKNSTW09,
  author    = {Gerwin Klein and
               Kevin Elphinstone and
               Gernot Heiser and
               June Andronick and
               David Cock and
               Philip Derrin and
               Dhammika Elkaduwe and
               Kai Engelhardt and
               Rafal Kolanski and
               Michael Norrish and
               Thomas Sewell and
               Harvey Tuch and
               Simon Winwood},
  editor    = {Jeanna Neefe Matthews and
               Thomas E. Anderson},
  title     = {{seL4:} formal verification of an {OS} kernel},
  booktitle = {{SOSP}},
  longbooktitle = {Proceedings of the 22nd {ACM} Symposium on Operating Systems Principles
               2009, {SOSP} 2009, Big Sky, Montana, USA, October 11-14, 2009},
  pages     = {207--220},
  publisher = {{ACM}},
  year      = {2009},
  url       = {http://doi.acm.org/10.1145/1629575.1629596},
  doi       = {10.1145/1629575.1629596},
  timestamp = {Mon, 22 Jun 2015 17:24:48 +0200},
  biburl    = {http://dblp.org/rec/bib/conf/sosp/KleinEHACDEEKNSTW09},
  bibsource = {dblp computer science bibliography, http://dblp.org}
}

@inproceedings{DBLP:conf/pldi/BourkeBDLPR17,
  author    = {Timothy Bourke and
               L{\'{e}}lio Brun and
               Pierre{-}{\'{E}}variste Dagand and
               Xavier Leroy and
               Marc Pouzet and
               Lionel Rieg},
  editor    = {Albert Cohen and
               Martin T. Vechev},
  title     = {A formally verified compiler for {Lustre}},
  booktitle = {{PLDI}},
  longbooktitle = {Proceedings of the 38th {ACM} {SIGPLAN} Conference on Programming
               Language Design and Implementation, {PLDI} 2017, Barcelona, Spain,
               June 18-23, 2017},
  pages     = {586--601},
  publisher = {{ACM}},
  year      = {2017},
  url       = {http://doi.acm.org/10.1145/3062341.3062358},
  doi       = {10.1145/3062341.3062358},
  timestamp = {Mon, 19 Jun 2017 08:37:26 +0200},
  biburl    = {http://dblp.org/rec/bib/conf/pldi/BourkeBDLPR17},
  bibsource = {dblp computer science bibliography, http://dblp.org}
}

@article{DBLP:journals/tse/HalbwachsLR92,
  author    = {Nicolas Halbwachs and
               Fabienne Lagnier and
               Christophe Ratel},
  title     = {Programming and verifying real-time systems by means of the synchronous
               data-flow language {LUSTRE}},
  journal   = {{IEEE} Trans. Software Eng.},
  volume    = {18},
  number    = {9},
  pages     = {785--793},
  year      = {1992},
  url       = {https://doi.org/10.1109/32.159839},
  doi       = {10.1109/32.159839},
  timestamp = {Wed, 17 May 2017 10:56:37 +0200},
  biburl    = {http://dblp.org/rec/bib/journals/tse/HalbwachsLR92},
  bibsource = {dblp computer science bibliography, http://dblp.org}
}

@inproceedings{DBLP:conf/cav/BouissouGPTV09,
  author    = {Olivier Bouissou and
               Eric Goubault and
               Sylvie Putot and
               Karim Tekkal and
               Franck V{\'{e}}drine},
  editor    = {Ahmed Bouajjani and
               Oded Maler},
  title     = {{HybridFluctuat}: {A} static analyzer of numerical programs within a
               continuous environment},
  longbooktitle = {Computer Aided Verification, 21st International Conference, {CAV}
               2009, Grenoble, France, June 26 - July 2, 2009. Proceedings},
  series    = {{LNCS}},
  volume    = {5643},
  pages     = {620--626},
  publisher = {Springer},
  year      = {2009},
  url       = {https://doi.org/10.1007/978-3-642-02658-4\_46},
  doi       = {10.1007/978-3-642-02658-4_46},
  timestamp = {Thu, 25 May 2017 00:39:07 +0200},
  biburl    = {http://dblp.org/rec/bib/conf/cav/BouissouGPTV09},
  bibsource = {dblp computer science bibliography, http://dblp.org}
}

@inproceedings{DBLP:conf/esop/GoubaultMP02,
  author    = {Eric Goubault and
               Matthieu Martel and
               Sylvie Putot},
  editor    = {Daniel Le M{\'{e}}tayer},
  title     = {Asserting the precision of floating-point computations: {A} simple
               abstract interpreter},
  booktitle = {ESOP},
  longbooktitle = {Programming Languages and Systems, 11th European Symposium on Programming,
               {ESOP} 2002, held as Part of the Joint European Conference on Theory
               and Practice of Software, {ETAPS} 2002, Grenoble, France, April 8-12,
               2002, Proceedings},
  series    = {LNCS},
  volume    = {2305},
  pages     = {209--212},
  publisher = {Springer},
  year      = {2002},
  url       = {https://doi.org/10.1007/3-540-45927-8\_15},
  doi       = {10.1007/3-540-45927-8\_15},
  timestamp = {Fri, 26 May 2017 14:09:14 +0200},
  biburl    = {http://dblp.org/rec/bib/conf/esop/GoubaultMP02},
  bibsource = {dblp computer science bibliography, http://dblp.org}
}

@inproceedings{DBLP:conf/pldi/BlanchetCCFMMMR03,
  author    = {Bruno Blanchet and
               Patrick Cousot and
               Radhia Cousot and
               J{\'{e}}r{\^{o}}me Feret and
               Laurent Mauborgne and
               Antoine Min{\'{e}} and
               David Monniaux and
               Xavier Rival},
  editor    = {Ron Cytron and
               Rajiv Gupta},
  title     = {A static analyzer for large safety-critical software},
  booktitle = {PLDI},
  longbooktitle = {Proceedings of the {ACM} {SIGPLAN} 2003 Conference on Programming
               Language Design and Implementation 2003, San Diego, California, USA,
               June 9-11, 2003},
  pages     = {196--207},
  publisher = {{ACM}},
  year      = {2003},
  url       = {http://doi.acm.org/10.1145/781131.781153},
  doi       = {10.1145/781131.781153},
  timestamp = {Mon, 21 May 2012 16:19:51 +0200},
  biburl    = {http://dblp.org/rec/bib/conf/pldi/BlanchetCCFMMMR03},
  bibsource = {dblp computer science bibliography, http://dblp.org}
}

@inproceedings{DBLP:conf/icfp/TanMKFON16,
  author    = {Yong Kiam Tan and
               Magnus O. Myreen and
               Ramana Kumar and
               Anthony C. J. Fox and
               Scott Owens and
               Michael Norrish},
  editor    = {Jacques Garrigue and
               Gabriele Keller and
               Eijiro Sumii},
  title     = {A new verified compiler backend for {CakeML}},
  booktitle = {ICFP},
  longbooktitle = {Proceedings of the 21st {ACM} {SIGPLAN} International Conference on
               Functional Programming, {ICFP} 2016, {Nara, Japan, September} 18-22,
               2016},
  pages     = {60--73},
  publisher = {{ACM}},
  year      = {2016},
  url       = {http://doi.acm.org/10.1145/2951913.2951924},
  doi       = {10.1145/2951913.2951924},
  timestamp = {Tue, 30 Aug 2016 13:53:57 +0200},
  biburl    = {http://dblp.org/rec/bib/conf/icfp/TanMKFON16},
  bibsource = {dblp computer science bibliography, http://dblp.org}
}


@inproceedings{DBLP:conf/hybrid/Frehse05,
  author    = {Goran Frehse},
  editor    = {Manfred Morari and
               Lothar Thiele},
  title     = {{PHAVer}: Algorithmic verification of hybrid systems past {HyTech}},
  booktitle = {{HSCC}},
  longbooktitle = {Hybrid Systems: Computation and Control, 8th International Workshop,
               {HSCC} 2005, Zurich, Switzerland, March 9-11, 2005, Proceedings},
  series    = {LNCS},
  volume    = {3414},
  pages     = {258--273},
  publisher = {Springer},
  year      = {2005},
  url       = {https://doi.org/10.1007/978-3-540-31954-2\_17},
  doi       = {10.1007/978-3-540-31954-2_17},
  timestamp = {Tue, 30 May 2017 16:36:53 +0200},
  biburl    = {http://dblp.org/rec/bib/conf/hybrid/Frehse05},
  bibsource = {dblp computer science bibliography, http://dblp.org}
}

@inproceedings{DBLP:conf/esop/GueneauMKN17,
  author    = {Arma{\"{e}}l Gu{\'{e}}neau and
               Magnus O. Myreen and
               Ramana Kumar and
               Michael Norrish},
  editor    = {Hongseok Yang},
  title     = {Verified characteristic formulae for {CakeML}},
  booktitle = {{ESOP}},
  longbooktitle = {Programming Languages and Systems - 26th European Symposium on Programming,
               {ESOP} 2017, Held as Part of the European Joint Conferences on Theory
               and Practice of Software, {ETAPS} 2017, Uppsala, Sweden, April 22-29,
               2017, Proceedings},
  series    = {LNCS},
  volume    = {10201},
  pages     = {584--610},
  publisher = {Springer},
  year      = {2017},
  url       = {https://doi.org/10.1007/978-3-662-54434-1\_22},
  doi       = {10.1007/978-3-662-54434-1_22},
  timestamp = {Fri, 19 May 2017 01:25:18 +0200},
  biburl    = {http://dblp.org/rec/bib/conf/esop/GueneauMKN17},
  bibsource = {dblp computer science bibliography, http://dblp.org}
}


@inproceedings{DBLP:conf/vmcai/KidoCH16,
  author    = {Kengo Kido and
               Swarat Chaudhuri and
               Ichiro Hasuo},
  editor    = {Barbara Jobstmann and
               K. Rustan M. Leino},
  title     = {Abstract interpretation with infinitesimals - {Towards} scalability
               in nonstandard static analysis},
  booktitle = {VMCAI},
  longbooktitle = {Verification, Model Checking, and Abstract Interpretation - 17th International
               Conference, {VMCAI} 2016, St. Petersburg, FL, USA, January 17-19,
               2016. Proceedings},
  series    = {LNCS},
  volume    = {9583},
  pages     = {229--249},
  publisher = {Springer},
  year      = {2016},
  url       = {https://doi.org/10.1007/978-3-662-49122-5\_11},
  doi       = {10.1007/978-3-662-49122-5\_11},
  timestamp = {Wed, 24 May 2017 08:30:31 +0200},
  biburl    = {http://dblp.org/rec/bib/conf/vmcai/KidoCH16},
  bibsource = {dblp computer science bibliography, http://dblp.org}
}

@inproceedings{DBLP:conf/rp/BenvenutiBCFGV12,
  author    = {Luca Benvenuti and
               Davide Bresolin and
               Pieter Collins and
               Alberto Ferrari and
               Luca Geretti and
               Tiziano Villa},
  editor    = {Alain Finkel and
               J{\'{e}}r{\^{o}}me Leroux and
               Igor Potapov},
  title     = {Ariadne: Dominance Checking of Nonlinear Hybrid Automata Using Reachability
               Analysis},
  booktitle = {Reachability Problems},
  longbooktitle = {Reachability Problems - 6th International Workshop, {RP} 2012, Bordeaux,
               France, September 17-19, 2012. Proceedings},
  series    = {LNCS},
  volume    = {7550},
  pages     = {79--91},
  publisher = {Springer},
  year      = {2012},
  url       = {https://doi.org/10.1007/978-3-642-33512-9\_8},
  doi       = {10.1007/978-3-642-33512-9_8},
  timestamp = {Thu, 15 Jun 2017 21:39:43 +0200},
  biburl    = {http://dblp.org/rec/bib/conf/rp/BenvenutiBCFGV12},
  bibsource = {dblp computer science bibliography, http://dblp.org}
}

@inproceedings{DBLP:conf/cav/ChenAS13,
  author    = {Xin Chen and
               Erika {\'{A}}brah{\'{a}}m and
               Sriram Sankaranarayanan},
  editor    = {Natasha Sharygina and
               Helmut Veith},
  title     = {{Flow*}: An analyzer for non-linear hybrid systems},
  booktitle = {CAV},
  longbooktitle = {Computer Aided Verification, 25th International Conference, {CAV}
               2013, {Saint Petersburg, Russia, July} 13-19, 2013. Proceedings},
  series    = {{LNCS}},
  volume    = {8044},
  pages     = {258--263},
  publisher = {Springer},
  year      = {2013},
  url       = {https://doi.org/10.1007/978-3-642-39799-8\_18},
  doi       = {10.1007/978-3-642-39799-8_18},
  timestamp = {Thu, 01 Jun 2017 18:57:43 +0200},
  biburl    = {http://dblp.org/rec/bib/conf/cav/ChenAS13},
  bibsource = {dblp computer science bibliography, http://dblp.org}
}

@article{DBLP:journals/iandc/Melquiond12,
  author    = {Guillaume Melquiond},
  title     = {Floating-point arithmetic in the {Coq} system},
  journal   = {Inf. Comput.},
  volume    = {216},
  pages     = {14--23},
  year      = {2012},
  url       = {https://doi.org/10.1016/j.ic.2011.09.005},
  doi       = {10.1016/j.ic.2011.09.005},
  timestamp = {Thu, 18 May 2017 09:54:15 +0200},
  biburl    = {http://dblp.org/rec/bib/journals/iandc/Melquiond12},
  bibsource = {dblp computer science bibliography, http://dblp.org}
}

@inproceedings{DBLP:conf/dagstuhl/PutotGM03,
  author    = {Sylvie Putot and
               Eric Goubault and
               Matthieu Martel},
  editor    = {Ren{\'{e}} Alt and
               Andreas Frommer and
               R. Baker Kearfott and
               Wolfram Luther},
  title     = {Static analysis-based validation of floating-point computations},
  booktitle = {Numerical Software with Result Verification},
  longbooktitle = {Numerical Software with Result Verification, International Dagstuhl
               Seminar, Dagstuhl Castle, Germany, January 19-24, 2003, Revised Papers},
  series    = {LNCS},
  volume    = {2991},
  pages     = {306--313},
  publisher = {Springer},
  year      = {2003},
  url       = {https://doi.org/10.1007/978-3-540-24738-8\_18},
  doi       = {10.1007/978-3-540-24738-8\_18},
  timestamp = {Mon, 29 May 2017 16:53:44 +0200},
  biburl    = {http://dblp.org/rec/bib/conf/dagstuhl/PutotGM03},
  bibsource = {dblp computer science bibliography, http://dblp.org}
}

@article{DBLP:journals/stvr/BotellaGM06,
  author    = {Bernard Botella and
               Arnaud Gotlieb and
               Claude Michel},
  title     = {Symbolic execution of floating-point computations},
  journal   = {Softw. Test., Verif. Reliab.},
  volume    = {16},
  number    = {2},
  pages     = {97--121},
  year      = {2006},
  url       = {https://doi.org/10.1002/stvr.333},
  doi       = {10.1002/stvr.333},
  timestamp = {Sun, 28 May 2017 13:23:53 +0200},
  biburl    = {http://dblp.org/rec/bib/journals/stvr/BotellaGM06},
  bibsource = {dblp computer science bibliography, http://dblp.org}
}

@inproceedings{DBLP:conf/emsoft/DarulovaKMS13,
  author    = {Eva Darulova and
               Viktor Kuncak and
               Rupak Majumdar and
               Indranil Saha},
  title     = {Synthesis of fixed-point programs},
  booktitle = {EMSOFT},
  longbooktitle = {Proceedings of the International Conference on Embedded Software,
               {EMSOFT} 2013, Montreal, QC, Canada, September 29 - Oct. 4, 2013},
  pages     = {22:1--22:10},
  publisher = {{IEEE} Computer Society},
  year      = {2013},
  url       = {https://doi.org/10.1109/EMSOFT.2013.6658600},
  doi       = {10.1109/EMSOFT.2013.6658600},
  timestamp = {Wed, 24 May 2017 08:29:21 +0200},
  biburl    = {http://dblp.org/rec/bib/conf/emsoft/DarulovaKMS13},
  bibsource = {dblp computer science bibliography, http://dblp.org}
}

@inproceedings{DBLP:conf/memocode/IvancicGSG10,
  author    = {Franjo Ivancic and
               Malay K. Ganai and
               Sriram Sankaranarayanan and
               Aarti Gupta},
  title     = {Numerical stability analysis of floating-point computations using
               software model checking},
  booktitle = {{MEMOCODE}},
  longbooktitle = {8th {ACM/IEEE} International Conference on Formal Methods and Models
               for Codesign {(MEMOCODE} 2010), Grenoble, France, 26-28 July 2010},
  pages     = {49--58},
  publisher = {{IEEE} Computer Society},
  year      = {2010},
  url       = {https://doi.org/10.1109/MEMCOD.2010.5558622},
  doi       = {10.1109/MEMCOD.2010.5558622},
  timestamp = {Tue, 23 May 2017 01:06:26 +0200},
  biburl    = {http://dblp.org/rec/bib/conf/memocode/IvancicGSG10},
  bibsource = {dblp computer science bibliography, http://dblp.org}
}

@inproceedings{DBLP:conf/emsoft/MajumdarSZ12,
  author    = {Rupak Majumdar and
               Indranil Saha and
               Majid Zamani},
  editor    = {Ahmed Jerraya and
               Luca P. Carloni and
               Florence Maraninchi and
               John Regehr},
  title     = {Synthesis of minimal-error control software},
  booktitle = {{EMSOFT}},
  longbooktitle = {Proceedings of the 12th International Conference on Embedded Software,
               {EMSOFT} 2012, part of the Eighth Embedded Systems Week, ESWeek 2012,
               Tampere, Finland, October 7-12, 2012},
  pages     = {123--132},
  publisher = {{ACM}},
  year      = {2012},
  url       = {http://doi.acm.org/10.1145/2380356.2380380},
  doi       = {10.1145/2380356.2380380},
  timestamp = {Sun, 06 Jan 2013 12:14:52 +0100},
  biburl    = {http://dblp.org/rec/bib/conf/emsoft/MajumdarSZ12},
  bibsource = {dblp computer science bibliography, http://dblp.org}
}

@inproceedings{DBLP:conf/emsoft/MartinezMST10,
  author    = {Adolfo Anta Martinez and
               Rupak Majumdar and
               Indranil Saha and
               Paulo Tabuada},
  editor    = {Luca P. Carloni and
               Stavros Tripakis},
  title     = {Automatic verification of control system implementations},
  booktitle = {{EMSOFT}},
  longbooktitle = {Proceedings of the 10th International conference on Embedded software,
               {EMSOFT} 2010, {Scottsdale, Arizona, USA, October} 24-29, 2010},
  pages     = {9--18},
  publisher = {{ACM}},
  year      = {2010},
  url       = {http://doi.acm.org/10.1145/1879021.1879024},
  doi       = {10.1145/1879021.1879024},
  timestamp = {Wed, 05 Jan 2011 12:53:45 +0100},
  biburl    = {http://dblp.org/rec/bib/conf/emsoft/MartinezMST10},
  bibsource = {dblp computer science bibliography, http://dblp.org}
}

@inproceedings{DBLP:conf/tphol/DaumasRT01,
  author    = {Marc Daumas and
               Laurence Rideau and
               Laurent Th{\'{e}}ry},
  editor    = {Richard J. Boulton and
               Paul B. Jackson},
  title     = {A generic library for floating-point numbers and its application to
               exact computing},
  booktitle = {{TPHOLs}},
  longbooktitle = {Theorem Proving in Higher Order Logics, 14th International Conference,
               {TPHOLs 2001, Edinburgh, Scotland, UK}, September 3-6, 2001, Proceedings},
  series    = {LNCS},
  volume    = {2152},
  pages     = {169--184},
  publisher = {Springer},
  year      = {2001},
  url       = {https://doi.org/10.1007/3-540-44755-5\_13},
  doi       = {10.1007/3-540-44755-5_13},
  timestamp = {Fri, 26 May 2017 14:09:15 +0200},
  biburl    = {http://dblp.org/rec/bib/conf/tphol/DaumasRT01},
  bibsource = {dblp computer science bibliography, http://dblp.org}
}


@article{DBLP:journals/toms/DaumasM10,
  author    = {Marc Daumas and
               Guillaume Melquiond},
  title     = {Certification of bounds on expressions involving rounded operators},
  journal   = {{ACM} Trans. Math. Softw.},
  volume    = {37},
  number    = {1},
  pages     = {2:1--2:20},
  year      = {2010},
  url       = {http://doi.acm.org/10.1145/1644001.1644003},
  doi       = {10.1145/1644001.1644003},
  timestamp = {Fri, 09 Jun 2017 11:02:56 +0200},
  biburl    = {http://dblp.org/rec/bib/journals/toms/DaumasM10},
  bibsource = {dblp computer science bibliography, http://dblp.org}
}

@inproceedings{DBLP:conf/mkm/BoldoFM09,
  author    = {Sylvie Boldo and
               Jean{-}Christophe Filli{\^{a}}tre and
               Guillaume Melquiond},
  editor    = {Jacques Carette and
               Lucas Dixon and
               Claudio Sacerdoti Coen and
               Stephen M. Watt},
  title     = {Combining {Coq} and {Gappa} for certifying floating-point programs},
  booktitle = {{MKM}, Held as Part of {CICM}},
  longbooktitle = {Intelligent Computer Mathematics, 16th Symposium, Calculemus 2009,
               8th International Conference, {MKM} 2009, Held as Part of {CICM} 2009,
               {Grand Bend, Canada, July} 6-12, 2009. Proceedings},
  series    = {LNCS},
  volume    = {5625},
  pages     = {59--74},
  publisher = {Springer},
  year      = {2009},
  url       = {https://doi.org/10.1007/978-3-642-02614-0\_10},
  doi       = {10.1007/978-3-642-02614-0_10},
  timestamp = {Sat, 16 Sep 2017 12:11:30 +0200},
  biburl    = {http://dblp.org/rec/bib/conf/mkm/BoldoFM09},
  bibsource = {dblp computer science bibliography, http://dblp.org}
}


@inproceedings{DBLP:conf/sfm/Harrison06,
  author    = {John Harrison},
  editor    = {Marco Bernardo and
               Alessandro Cimatti},
  title     = {Floating-point verification using theorem proving},
  booktitle = {Formal Methods for Hardware Verification, {SFM}},
  longbooktitle = {Formal Methods for Hardware Verification, 6th International School
               on Formal Methods for the Design of Computer, Communication, and Software
               Systems, {SFM} 2006, Bertinoro, Italy, May 22-27, 2006, Advanced Lectures},
  series    = {LNCS},
  volume    = {3965},
  pages     = {211--242},
  publisher = {Springer},
  year      = {2006},
  url       = {https://doi.org/10.1007/11757283\_8},
  doi       = {10.1007/11757283_8},
  timestamp = {Tue, 30 May 2017 16:36:53 +0200},
  biburl    = {http://dblp.org/rec/bib/conf/sfm/Harrison06},
  bibsource = {dblp computer science bibliography, http://dblp.org}
}

@article{DBLP:journals/afp/Yu13,
  author    = {Lei Yu},
  title     = {A formal model of {IEEE} floating point arithmetic},
  journal   = {Archive of Formal Proofs},
  year      = {2013},
  url       = {https://www.isa-afp.org/entries/IEEE\_Floating\_Point.shtml},
  timestamp = {Mon, 19 Sep 2016 15:58:56 +0200},
  biburl    = {http://dblp.org/rec/bib/journals/afp/Yu13},
  bibsource = {dblp computer science bibliography, http://dblp.org}
}

@phdthesis{DBLP:phd/de/Haftmann2009,
  author    = {Florian Haftmann},
  title     = {Code generation from specifications in higher-order logic},
  school    = {Technical University Munich},
  year      = {2009},
  url       = {http://mediatum2.ub.tum.de/node?id=886023},
  urn       = {urn:nbn:de:bvb:91-diss-20091208-886023-1-1},
  timestamp = {Fri, 02 Dec 2016 13:44:30 +0100},
  biburl    = {http://dblp.org/rec/bib/phd/de/Haftmann2009},
  bibsource = {dblp computer science bibliography, http://dblp.org}
}

@inproceedings{DBLP:conf/cade/McLaughlinH05,
  author    = {Sean McLaughlin and
               John Harrison},
  editor    = {Robert Nieuwenhuis},
  title     = {A proof-producing decision procedure for real arithmetic},
  booktitle = {CADE},
  series    = {LNCS},
  volume    = {3632},
  pages     = {295--314},
  publisher = {Springer},
  year      = {2005},
  url       = {https://doi.org/10.1007/11532231\_22},
  doi       = {10.1007/11532231\_22},
  timestamp = {Tue, 30 May 2017 16:36:52 +0200},
  biburl    = {http://dblp.org/rec/bib/conf/cade/McLaughlinH05},
  bibsource = {dblp computer science bibliography, http://dblp.org}
}

@inproceedings{DBLP:conf/esop/LiOS07,
  author    = {Guodong Li and
               Scott Owens and
               Konrad Slind},
  editor    = {Rocco De Nicola},
  title     = {Structure of a Proof-Producing Compiler for a Subset of Higher Order
               Logic},
  booktitle = {ESOP},
  longbooktitle = {Programming Languages and Systems, 16th European Symposium on Programming,
               {ESOP} 2007, Held as Part of the Joint European Conferences on Theory
               and Practics of Software, {ETAPS} 2007, Braga, Portugal, March 24
               - April 1, 2007, Proceedings},
  series    = {LNCS},
  volume    = {4421},
  pages     = {205--219},
  publisher = {Springer},
  year      = {2007},
  url       = {https://doi.org/10.1007/978-3-540-71316-6\_15},
  doi       = {10.1007/978-3-540-71316-6\_15},
  timestamp = {Fri, 19 May 2017 01:25:18 +0200},
  biburl    = {http://dblp.org/rec/bib/conf/esop/LiOS07},
  bibsource = {dblp computer science bibliography, http://dblp.org}
}

@inproceedings{DBLP:conf/emsoft/RickettsML16,
  author    = {Daniel Ricketts and
               Gregory Malecha and
               Sorin Lerner},
  title     = {Modular deductive verification of sampled-data systems},
  booktitle = {EMSOFT},
  longbooktitle = {2016 International Conference on Embedded Software, {EMSOFT} 2016,
               Pittsburgh, Pennsylvania, USA, October 1-7, 2016},
  pages     = {17:1--17:10},
  year      = {2016},
  crossref  = {DBLP:conf/emsoft/2016},
  url       = {http://doi.acm.org/10.1145/2968478.2968495},
  doi       = {10.1145/2968478.2968495},
  timestamp = {Thu, 27 Oct 2016 14:04:58 +0200},
  biburl    = {https://dblp.org/rec/bib/conf/emsoft/RickettsML16},
  bibsource = {dblp computer science bibliography, https://dblp.org}
}
@proceedings{DBLP:conf/emsoft/2016,
  title     = {2016 International Conference on Embedded Software, {EMSOFT} 2016,
               Pittsburgh, Pennsylvania, USA, October 1-7, 2016},
  publisher = {{ACM}},
  year      = {2016},
  url       = {http://doi.acm.org/10.1145/2968478},
  doi       = {10.1145/2968478},
  isbn      = {978-1-4503-4485-2},
  timestamp = {Thu, 27 Oct 2016 13:54:45 +0200},
  biburl    = {https://dblp.org/rec/bib/conf/emsoft/2016},
  bibsource = {dblp computer science bibliography, https://dblp.org}
}
@inproceedings{DBLP:conf/cpsweek/MalechaRAL16,
  author    = {Gregory Malecha and
               Daniel Ricketts and
               Mario M. Alvarez and
               Sorin Lerner},
  title     = {Towards foundational verification of cyber-physical systems},
  booktitle = {SOSCYPS@CPSWeek},
  longbooktitle = {2016 Science of Security for Cyber-Physical Systems Workshop, SOSCYPS@CPSWeek
               2016, Vienna, Austria, April 11, 2016},
  pages     = {1--5},
  year      = {2016},
  crossref  = {DBLP:conf/cpsweek/2016soscyps},
  url       = {https://doi.org/10.1109/SOSCYPS.2016.7580000},
  doi       = {10.1109/SOSCYPS.2016.7580000},
  timestamp = {Tue, 23 May 2017 01:07:30 +0200},
  biburl    = {http://dblp.org/rec/bib/conf/cpsweek/MalechaRAL16},
  bibsource = {dblp computer science bibliography, http://dblp.org}
}
@proceedings{DBLP:conf/cpsweek/2016soscyps,
  title     = {2016 Science of Security for Cyber-Physical Systems Workshop, SOSCYPS@CPSWeek
               2016, Vienna, Austria, April 11, 2016},
  publisher = {{IEEE} Computer Society},
  year      = {2016},
  url       = {http://ieeexplore.ieee.org/xpl/mostRecentIssue.jsp?punumber=7578993},
  isbn      = {978-1-5090-4304-0},
  timestamp = {Thu, 06 Oct 2016 16:17:43 +0200},
  biburl    = {http://dblp.org/rec/bib/conf/cpsweek/2016soscyps},
  bibsource = {dblp computer science bibliography, http://dblp.org}
}



@inproceedings{DBLP:conf/pldi/MorrisettTTTG12,
  author    = {Greg Morrisett and
               Gang Tan and
               Joseph Tassarotti and
               Jean{-}Baptiste Tristan and
               Edward Gan},
  editor    = {Jan Vitek and
               Haibo Lin and
               Frank Tip},
  title     = {RockSalt: better, faster, stronger {SFI} for the x86},
  booktitle = {PLDI},
  longbooktitle = {{ACM} {SIGPLAN} Conference on Programming Language Design and Implementation,
               {PLDI} '12, Beijing, China - June 11 - 16, 2012},
  pages     = {395--404},
  publisher = {{ACM}},
  year      = {2012},
  url       = {http://doi.acm.org/10.1145/2254064.2254111},
  doi       = {10.1145/2254064.2254111},
  timestamp = {Tue, 12 Jun 2012 20:04:16 +0200},
  biburl    = {https://dblp.org/rec/bib/conf/pldi/MorrisettTTTG12},
  bibsource = {dblp computer science bibliography, https://dblp.org}
}

@inproceedings{DBLP:conf/nfm/Hurd11,
  author    = {Joe Hurd},
  editor    = {Mihaela Gheorghiu Bobaru and
               Klaus Havelund and
               Gerard J. Holzmann and
               Rajeev Joshi},
  title     = {The {OpenTheory} standard theory library},
  booktitle = {NFM},
  longbooktitle = {{NASA} Formal Methods - Third International Symposium, {NFM} 2011,
               Pasadena, CA, USA, April 18-20, 2011. Proceedings},
  series    = {LNCS},
  volume    = {6617},
  pages     = {177--191},
  publisher = {Springer},
  year      = {2011},
  url       = {https://doi.org/10.1007/978-3-642-20398-5_14},
  doi       = {10.1007/978-3-642-20398-5_14},
  timestamp = {Thu, 25 May 2017 00:40:10 +0200},
  biburl    = {https://dblp.org/rec/bib/conf/nfm/Hurd11},
  bibsource = {dblp computer science bibliography, https://dblp.org}
}

@inproceedings{DBLP:conf/tacas/DuggiralaMVP15,
  author    = {Parasara Sridhar Duggirala and
               Sayan Mitra and
               Mahesh Viswanathan and
               Matthew Potok},
  title     = {{C2E2:} {A} verification tool for stateflow models},
  booktitle = {TACAS},
  longbooktitle = {Tools and Algorithms for the Construction and Analysis of Systems
               - 21st International Conference, {TACAS} 2015, Held as Part of the
               European Joint Conferences on Theory and Practice of Software, {ETAPS}
               2015, London, UK, April 11-18, 2015. Proceedings},
  pages     = {68--82},
  year      = {2015},
  crossref  = {DBLP:conf/tacas/2015},
  url       = {https://doi.org/10.1007/978-3-662-46681-0_5},
  doi       = {10.1007/978-3-662-46681-0_5},
  timestamp = {Thu, 15 Jun 2017 21:37:10 +0200},
  biburl    = {https://dblp.org/rec/bib/conf/tacas/DuggiralaMVP15},
  bibsource = {dblp computer science bibliography, https://dblp.org}
}
@proceedings{DBLP:conf/tacas/2015,
  editor    = {Christel Baier and
               Cesare Tinelli},
  title     = {Tools and Algorithms for the Construction and Analysis of Systems
               - 21st International Conference, {TACAS} 2015, Held as Part of the
               European Joint Conferences on Theory and Practice of Software, {ETAPS}
               2015, London, UK, April 11-18, 2015. Proceedings},
  series    = {LNCS},
  volume    = {9035},
  publisher = {Springer},
  year      = {2015},
  url       = {https://doi.org/10.1007/978-3-662-46681-0},
  doi       = {10.1007/978-3-662-46681-0},
  isbn      = {978-3-662-46680-3},
  timestamp = {Thu, 15 Jun 2017 21:37:10 +0200},
  biburl    = {https://dblp.org/rec/bib/conf/tacas/2015},
  bibsource = {dblp computer science bibliography, https://dblp.org}
}



@inproceedings{DBLP:conf/esop/HupelN18,
  author    = {Lars Hupel and Tobias Nipkow},
  editor    = {Amal Ahmed},
  title     = {A Verified Compiler from {Isabelle/HOL} to {CakeML}},
  booktitle = {{ESOP}},
  longbooktitle = {Programming Languages and Systems, 27th European Symposium on Programming,
               {ESOP} 2002, held as Part of the Joint European Conference on Theory
               and Practice of Software, {ETAPS} 2018, {Thessaloniki, Greece, April} 14-20,
               2018, Proceedings},
  series    = {{LNCS}},
  publisher = {Springer},
  year      = {2018},
  opturl       = {https://lars.hupel.info/pub/isabelle-cakeml.pdf},
}

